3300 5109
746 356 967 417 ...22-

245 514 246 517 ¹
271 530 306 592 ad
330 530 483 609 Vulgatam
506 531 725 593 accommodata
750 532 883 594 videatur
917 550 991 593 esse.
1036 532 1193 603 Quomodo
1215 531 1350 593 codicum
1373 552 1443 594 auc-

271 638 351 690 tores
375 637 487 691 textum
517 630 551 691 ad
569 630 732 708 ,Vulgatam
757 632 902 710 applicare
932 630 1029 691 conati
1052 629 1127 702 sint,
1157 630 1266 691 codicis
1276 629 1443 693 vuldensis

270 738 300 788 et
328 728 503 806 Reginensis
538 728 678 809 exenrplis
713 729 886 790 illustratur.
932 729 974 788 lll
1000 728 1126 789 maxime
1152 747 1168 788 a
1191 728 1312 806 Vulgata
1344 729 1440 791 distat.

270 825 311 885 F²
335 826 445 908 quippe
460 827 510 906 qui
528 845 588 887 nou
612 848 646 889 ex
670 848 744 909 puro
768 828 888 908 quidem
911 828 1005 896 fonte,
1029 826 1080 887 sed
1105 827 1170 906 plus
1185 827 1325 907 Vulgatae
1340 847 1440 889 secum

270 924 395 985 ducente
429 926 555 1000 duxerit,
591 928 721 989 codicem
753 927 891 1005 Vulgatae
918 926 1089 987 similiorem
1118 926 1254 987 reddidit.
1300 925 1323 986 ll
1354 945 1442 1007 quem

271 1023 307 1084 ab
330 1024 432 1086 eadem
456 1027 568 1105 origine
591 1034 679 1107 atque
697 1025 737 1087 ΡΞ
763 1035 862 1086 ortum
887 1043 952 1085 esse
974 1024 1172 1086 intelleximus
1198 1024 1287 1085 etiam
1321 1025 1445 1105 propius

271 1122 327 1182 hoc
362 1123 397 1183 ad
436 1125 586 1204 Vulgatam
624 1126 762 1187 accedere
800 1122 1078 1185 demonstravimus.
1139 1123 1233 1184 Etiam
1272 1122 1381 1184 codicis
1419 1126 1443 1185 h

272 1228 421 1284 corrector
450 1242 492 1284 ex·
507 1224 627 1304 puriore
650 1223 734 1285 fonte
756 1241 846 1303 quam
877 1221 971 1283 scriba
995 1222 1109 1283 videtur
1137 1221 1281 1285 hausisse.
1327 1223 1383 1284 Sed
1415 1232 1445 1283 st

271 1319 296 1378 Α
324 1328 354 1380 et
381 1320 403 1379 P
434 1330 514 1383 certe
547 1322 583 1383 ab
617 1323 681 1402 ipsa
715 1316 837 1401 Vulgata
872 1320 1014 1399 originem
1049 1321 1172 1392 ducunt,
1204 1320 1243 1383 ita
1277 1328 1377 1383 tamen
1412 1330 1446 1383 ut

272 1418 402 1496 singulae
423 1419 460 1480 iis
484 1420 602 1483 aliunde
626 1420 764 1482 lectiones
787 1420 917 1480 insertae
940 1420 1009 1480 sint.

361 1516 493 1580 Omnino
516 1521 563 1581 illa
586 1520 728 1581 librorum
753 1538 824 1580 mss.
849 1517 987 1595 vulgatae
1009 1517 1134 1578 varietas
1157 1550 1199 1561 --
1220 1524 1254 1578 ut
1281 1517 1445 1580 scribarum

274 1632 390 1677 errores
423 1618 597 1679 omittamus
619 1652 661 1660 —
684 1619 722 1678 ita
756 1617 946 1697 potissimum
976 1624 1038 1677 orta
1069 1625 1123 1693 est,
1153 1623 1185 1677 ut
1212 1624 1242 1677 et
1264 1617 1445 1697 antiquiores

271 1714 347 1785 libri,
371 1715 492 1794 quando
515 1734 583 1778 cum
606 1716 727 1795 Vulgata
751 1715 991 1787 conferebantur,
1014 1714 1121 1775 multas
1145 1714 1278 1795 proprias
1300 1715 1444 1778 lectiones

275 1822 486 1874 conservarent
508 1823 537 1875 et
559 1814 590 1875 iu
613 1814 705 1875 libros
730 1813 868 1893 Vulgatae
898 1813 1088 1892 antiquarum
1111 1813 1282 1874 versionum
1305 1814 1446 1876 lectiones

276 1930 309 1971 se
330 1910 524 1973 insinuarent.
569 1913 672 1993 ltaque
706 1913 791 1974 multi
824 1912 882 1974 loci
916 1912 946 1972 in
981 1911 1103 1972 dubium
1134 1911 1316 1973 vocabantur
1349 1921 1379 1975 et
1411 1914 1447 1976 de

275 2008 450 2088 quibusdam
463 2011 642 2073 lectionibus
659 2012 800 2073 acerrima
818 2011 902 2090 qnasi
920 2010 1048 2089 quadam
1064 2010 1256 2071 contentione
1272 2011 1447 2085 certabatur,

275 2125 342 2169 oum
377 2126 454 2187 quae
488 2128 521 2169 ex
557 2110 621 2171 aliis
659 2110 809 2171 codicibus
847 2108 979 2170 sublatae
1017 2091 1100 2169 erhut
1136 2108 1279 2170 lectiones
1315 2110 1348 2172 iu
1385 2111 1448 2173 aliis

275 2206 428 2267 restitutas
452 2226 517 2269 esse
540 2209 701 2270 videamus.
748 2207 962 2287 Progrediente
985 2217 1121 2288 tempore
1146 2208 1282 2286 vulgatae
1304 2209 1448 2271 memoria

277 2304 368 2383 magis
403 2305 554 2386 magisque
588 2308 778 2380 turbabatur,
821 2307 861 2368 ita
896 2316 930 2369 ut
962 2325 1039 2387 quae
1076 2306 1225 2387 prioribus
1263 2308 1448 2387 temporibus

276 2403 404 2465 rariores
427 2414 497 2465 sunt
520 2406 664 2468 lectiones
687 2408 718 2467 in
741 2407 954 2468 recentioribus
977 2405 1059 2466 libris
1082 2406 1253 2485 trequentes
1276 2406 1344 2468 sint.
1385 2407 1448 2479 Qua

277 2520 308 2563 re
331 2506 442 2565 factum
466 2516 520 2574 est,
551 2514 584 2565 ut
607 2506 628 2565 F
652 2523 718 2566 cum
744 2506 789 2567 his
812 2506 903 2584 magis
926 2523 1013 2584 quam
1038 2523 1105 2565 oum
1129 2504 1344 2583 antiquioribus
1367 2506 1448 2567 libris

276 2610 425 2679 congruat.

362 2700 518 2773 Quomodo
552 2700 588 2762 ad
619 2702 781 2782 simplicem
812 2711 843 2764 et
865 2703 1015 2782 antiquam
1043 2702 1199 2763 lectionem
1233 2703 1322 2765 rediri
1346 2704 1449 2785 possit,

276 2798 453 2861 indicavisse
485 2800 557 2860 mihi
591 2800 702 2862 videor.
749 2802 786 2862 Ut
814 2802 902 2862 huius
925 2800 1136 2881 disputationis
1158 2820 1306 2863 summam
1329 2803 1449 2864 faciam:

277 2906 347 2959 sunt
362 2898 494 2977 quinque
510 2898 707 2979 antiquissimi
726 2899 861 2979 Vulgatae
877 2908 979 2972 testes,
995 2900 1046 2980 qui
1061 2900 1227 2961 secundum
1243 2902 1450 2964 auctoritatem

278 3014 361 3057 suam
385 2997 428 3057 sic
450 2998 626 3077 disponendi
649 3007 733 3059 sunt:
759 2998 947 3059 n21’A1u
980 2998 1089 3059 ΡΨ.
1134 2998 1266 3070 Quorum
1291 2999 1336 3060 h²
1359 3007 1388 3061 et
1409 2998 1448 3059 F¹

277 3095 336 3156 uisi
369 3096 469 3175 paucis
503 3097 576 3157 locis
610 3114 671 3158 non
706 3104 825 3177 praesto
859 3106 930 3157 sunt
957 3107 987 3158 et
1016 3097 1056 3157 F²
1080 3097 1153 3158 etll
1176 3117 1208 3159 ea
1231 3098 1450 3160 necessitudine

278 3194 430 3256 coniuncti
453 3205 533 3266 suut,
556 3205 591 3255 ut
612 3214 704 3274 paene
728 3196 816 3257 unius
839 3196 903 3256 loco
927 3195 1056 3258 habendi
1079 3197 1148 3257 sint.
1178 3196 1238 3258 lam
1262 3204 1363 3259 tentus
1379 3214 1458 3269 conr

279 3292 421 3356 stituendi
444 3294 516 3355 haec
538 3294 613 3355 ratio
637 3293 802 3356 adhihenda
827 3314 892 3356 esse
914 3294 987 3356 mibi
1010 3295 1135 3365 videtur,
1160 3303 1193 3356 ut
1214 3314 1283 3357 oum
1305 3296 1345 3356 illi
1369 3296 1450 3357 inter

279 3410 310 3451 se
334 3391 518 3455 dissentiunt
541 3394 682 3454 maiorem
707 3411 810 3454 eorum
836 3411 994 3455 numerum
1019 3411 1189 3473 sequamur,
1213 3412 1280 3455 oum
1304 3393 1365 3455 bini
1382 3413 1451 3456 cum
1502 3468 1505 3473 ,

282 3489 358 3551 binis
382 3489 550 3571 discrepant
574 3492 778 3555 auctoritatem
802 3492 935 3553 codicum
958 3493 982 3553 Α
1005 3503 1035 3555 et
1059 3492 1080 3552 P
1102 3492 1195 3571 pluris
1224 3511 1312 3571 quam
1336 3501 1452 3555 cetero-

279 3686 388 3748 cedunt
425 3689 640 3755 automniuo
676 3707 714 3749 ne
748 3689 806 3749 duo
841 3689 959 3768 quidem
994 3690 1111 3751 codices
1148 3690 1264 3769 antiqui
1301 3690 1380 3751 inter
1419 3709 1452 3751 se

279 3784 474 3847 consentiunt
503 3787 638 3848 codicum
665 3787 866 3849 recentiorum
895 3787 1010 3849 ratione
1039 3787 1138 3849 habita
1166 3789 1203 3849 de
1231 3788 1359 3851 lectione
1392 3788 1452 3849 dis-

279 3892 440 3962 ceptemus.
1049 3942 1052 3946 .

363 3973 450 4043 Haec
475 3993 519 4044 est
554 4001 670 4057 norma,
704 3986 739 4046 ad
774 4004 863 4065 quam
899 3993 929 4045 et
960 3985 1119 4047 lectionem
1150 3993 1180 4046 et
1209 3986 1451 4065 orthographiam

279 4082 418 4159 Vulgatae
442 4083 539 4161 exegit
562 4102 740 4163 quamquam
766 4084 837 4145 haec
858 4084 981 4145 arbitrio
996 4084 1160 4146 scribarum
1177 4094 1236 4146 tam
1254 4084 1378 4146 obnoxia
1396 4092 1453 4157 est,

280 4187 313 4240 ut
335 4179 464 4259 plurium
489 4198 652 4243 cousensus
675 4182 707 4243 in
734 4184 788 4244 hac
810 4202 844 4243 re
878 4202 982 4262 parum
1006 4185 1110 4245 valeat.
1156 4183 1260 4262 Neque
1294 4184 1357 4245 lieri
1390 4201 1452 4246 non

279 4288 387 4357 potest,
411 4280 482 4353 quin
507 4299 610 4357 magna
636 4281 758 4344 varietas
781 4282 1007 4361 orthographiae
1030 4282 1086 4343 hoc
1102 4283 1190 4343 modo
1208 4283 1362 4344 elliciatur.
1393 4282 1453 4344 Sed

272 4386 314 4469 'nt
346 4377 375 4437 in
407 4378 529 4457 singulis
559 4379 710 4441 codicibus
744 4380 951 4459 orthographia
985 4381 1039 4441 sihi
1074 4399 1133 4442 non
1157 4389 1283 4453 constat,
1317 4382 1357 4442 ita
1390 4381 1452 4442 lieri
