3300 5109
675 392 898 471 ..13-

206 568 251 640 vl,
269 566 339 645 12);
361 590 380 630 s
402 568 432 631 in
455 577 623 650 quoetausos
646 567 684 649 (l,
702 568 768 648 14).
815 569 953 631 Ceterum
984 568 1072 630 etiarn
1103 567 1243 648 peculiari
1270 568 1378 631 codicis

206 668 345 729 Curensis
361 668 567 748 orthographia
591 667 673 731 facile
696 668 896 729 demonstrari
919 675 1028 749 potest,
1051 668 1077 729 si
1100 686 1177 747 opus
1191 676 1278 741 asset,
1295 668 1378 730 codi-

206 784 270 829 cem
295 766 325 828 in
347 766 488 846 Hispania
510 767 651 847 scripturn
675 786 749 828 esse.
1293 771 1295 773 ’

294 865 450 927 Praeterea
473 873 645 946 apparatum
669 865 887 945 praelationum
909 873 939 926 et
959 863 1200 947 capitulationem
1217 864 1249 925 bi
1263 864 1379 926 codices

209 981 347 1041 magnam
370 972 484 1043 partem
508 982 700 1027 communem
723 972 811 1044 atque
835 964 871 1026 ab
895 963 960 1026 aliis
983 964 1129 1026 diversam
1153 963 1273 1036 babent,
1296 964 1377 1025 velut
1405 983 1407 986 ·

207 1080 337 1125 canones
350 1083 366 1125 a
378 1062 563 1126 Priscilliano
579 1063 728 1125 haeretico
745 1064 780 1124 ad
795 1064 876 1125 locos
891 1062 997 1125 similis
1012 1064 1180 1141 argumenti
1195 1063 1227 1124 in
1244 1063 1377 1144 epistulis

208 1163 239 1222 S.
263 1161 346 1225 Pauli
370 1162 563 1224 inveniendos
586 1162 769 1243 compositos
777 1162 802 1241 ¹)
824 1172 913 1242 atque
935 1184 954 1223 a
976 1170 1006 1223 et
1020 1163 1049 1223 d
1062 1162 1145 1242 (uam
1168 1162 1238 1224 dea
1259 1162 1377 1240 ignoro)

208 1260 424 1340 praefationem
448 1261 595 1341 quandam
619 1260 650 1321 in
673 1261 871 1340 apocalypsim
895 1260 990 1323 verbis
1014 1261 1132 1323 ‘beatus
1146 1259 1306 1323 lohannes*
1321 1262 1378 1321 'in-

208 1359 416 1439 cipientem¹).
454 1360 545 1422 Etin
568 1360 597 1421 6
618 1367 647 1420 et
669 1360 700 1421 in
724 1381 742 1422 s
764 1360 879 1439 prologi
899 1360 932 1421 in
954 1359 1095 1440 epistulas
1117 1360 1274 1421 canonicas
1289 1360 1377 1421 verba

207 1458 314 1537 quibus
347 1458 451 1538 incipit
480 1459 557 1519 ‘Non
587 1457 631 1519 ita
657 1457 730 1519 ordo
761 1468 806 1519 est
828 1459 904 1538 apud
929 1456 1062 1520 Graecos'
1085 1458 1202 1520 desunt.
1248 1458 1378 1538 Uterque

207 1556 378 1618 testimonia
401 1557 514 1618 Veteris
546 1557 627 1619 Test.
651 1564 680 1619 et
715 1558 835 1619 nomina
858 1558 1036 1619 Sanctorum
1069 1575 1147 1637 quae
1179 1557 1210 1617 in
1244 1556 1377 1637 epistulis

207 1663 367 1717 occurrunt
390 1654 513 1734 singulis
537 1655 670 1735 epistulis
693 1655 855 1736 praemissa
878 1655 976 1717 babet.
1014 1655 1148 1735 lienique
1180 1656 1213 1717 in
1235 1655 1378 1734 capitula-

207 1753 338 1815 tionibus
373 1754 566 1833 apistularum
590 1754 782 1817 Paulinarum
806 1755 893 1834 plane
920 1762 1100 1834 congruunt.
1145 1754 1203 1816 Sed
1237 1754 1379 1815 differunt

206 1852 238 1913 in
261 1851 519 1932 capitulationibus
541 1854 666 1916 aliorum
691 1853 836 1916 librorum
855 1855 933 1915 velut
956 1853 1151 1934 epistularum
1167 1854 1376 1916 canonicarum

170 2030 171 2033 Ἴ
207 1958 237 2012 et
259 1959 394 2015 actorum
418 1953 630 2033 apostolorum.
676 1954 753 2015 Etr
776 1961 806 2014 et
828 1954 856 2014 θ
877 1952 1073 2032 praelationes
1096 1952 1237 2033 quasdam
1261 1951 1377 2025 isidori,

207 2068 282 2129 quae
306 2050 338 2111 in
361 2072 379 2111 κ
403 2052 519 2125 desunt,
550 2050 747 2129 continent³)‚
781 2051 862 2113 volut
883 2052 911 2113 6
931 2051 1011 2113 illam
1035 2052 1135 2114 ‘Vetus
1164 2057 1376 2113 testamentum

207 2148 273 2209 ideo
300 2148 456 2227 dicitur³⁴).
892 2209 895 2215 .

292 2246 372 2309 Ordo
395 2248 538 2311 librorum
562 2248 636 2309 Novi
658 2248 737 2311 Test.
761 2266 838 2328 quae
860 2256 906 2311 est
928 2248 960 2311 in
981 2248 1034 2327 sl)
1057 2249 1190 2311 diversus
1212 2257 1260 2310 est
1281 2247 1318 2309 ab
1341 2266 1377 2309 eo

207 2364 297 2424 quam
320 2354 428 2407 tenent
450 2368 468 2407 κ
492 2356 521 2408 st
543 2348 585 2409 d:
992 2358 995 2361 ’

259 2467 278 2506 κ
301 2452 331 2505 et
353 2446 395 2506 d:
420 2446 528 2524 Evang.
562 2446 647 2525 epist.
671 2444 755 2507 Pauli
793 2446 879 2525 epist.
903 2463 1007 2509 canon.
1045 2453 1107 2509 acto
1131 2455 1226 2525 apost.
1264 2446 1377 2526 apocal.

259 2562 291 2603 a:
421 2543 530 2624 Evang.
563 2552 626 2607 acta
648 2554 743 2627 apost.
781 2544 867 2624 epist.
891 2544 975 2607 Pauli
1012 2545 1097 2624 epist.
1120 2562 1227 2608 canon.
1265 2545 1376 2625 apocal.

292 2641 324 2703 ln
348 2642 475 2705 lectione
497 2666 516 2705 κ
532 2651 562 2705 ct
576 2666 594 2704 a
610 2644 738 2707 maxime
760 2643 841 2705 inter
862 2662 895 2707 se
918 2651 1096 2723 congruunt.
1127 2644 1239 2705 'lentus
1261 2643 1378 2725 epistu-

208 2742 304 2802 larum
328 2741 411 2803 Pauli
433 2742 593 2823 praecipue
617 2742 648 2803 in
671 2765 690 2804 κ
711 2742 893 2822 aliquantum
916 2743 1029 2822 purior,
1054 2742 1087 2803 in
1108 2742 1171 2805 aliis
1194 2742 1270 2804 Nori
1295 2743 1368 2803 'lest

206 2838 340 2918 partibus
363 2840 450 2902 utin
474 2840 607 2920 epistulis
630 2841 781 2905 canonicis
804 2861 819 2903 a
843 2841 947 2903 ceteris
969 2841 1120 2902 codicibus
1142 2860 1231 2921 quam
1246 2841 1376 2902 maxime

209 2938 343 2999 diversus
359 2937 445 3019 estss).
477 2939 536 2999 Sed
553 2958 620 3001 curn
637 2940 665 3000 6
681 2939 757 3001 baud
780 2958 871 3019 pauca
896 2958 999 3001 eorum
1023 2958 1100 3019 quae
1121 2939 1154 3001 in
1175 2940 1222 3001 his
1245 2940 1377 3019 epistulis

208 3036 365 3117 peculiaria
389 3036 498 3101 babent
521 3037 557 3099 iis
581 3038 751 3100 communia
774 3039 818 3100 vel
842 3038 947 3101 similia
962 3046 1043 3101 sunt.
1074 3037 1164 3101 Cuius
1186 3038 1229 3101 rei
1244 3039 1376 3118 exempla

207 3135 319 3215 aliquot
342 3156 358 3197 a
380 3136 403 3199 l.
427 3136 512 3217 epist.
536 3137 614 3201 Petri
637 3137 802 3219 proferam:

292 3234 312 3306 l,
336 3234 373 3295 12
395 3236 505 3297 sibimet
526 3237 614 3297 κτθ
639 3237 695 3297 sabi
712 3236 759 3297 tr
784 3236 819 3308 ll,
844 3236 863 3297 9
884 3236 960 3297 illud
980 3236 1152 3298 admirabile
1173 3235 1271 3297 lumea
1290 3237 1377 3297 sad

205 3331 281 3395 illud
304 3352 363 3395 om.
384 3334 431 3395 AF
454 3335 503 3407 ΙΙΙ,
526 3334 544 3395 3
568 3334 739 3415 capillorum
765 3335 911 3415 triplicatio
933 3336 1021 3397 aad
1042 3335 1217 3415 capillatura
1231 3336 1278 3396 AF
1295 3335 1316 3406 l,
1338 3334 1377 3394 14

204 3448 264 3492 uou
288 3432 499 3511 coufipuroutes
520 3451 573 3495 uos
594 3433 652 3495 illis
673 3434 817 3512 prioribus
838 3453 877 3493 κτ
896 3451 955 3495 nou
977 3434 1133 3514 fipurwu
1153 3452 1206 3496 uos
1226 3433 1285 3495 illis
1295 3435 1378 3512 prio-

204 3530 285 3591 ribus
308 3530 335 3589 6
356 3547 416 3591 riou
438 3531 608 3611 coufipurati
625 3532 771 3610 prioribus
792 3531 849 3591 AF.

291 3614 344 3675 Ubi
361 3636 379 3675 κ
396 3623 457 3677 etr
481 3618 559 3677 inter
582 3635 615 3677 se
637 3616 828 3690 dissentiunt,
851 3618 879 3677 θ
900 3616 936 3677 ad
958 3638 977 3677 a
998 3616 1123 3701 propius
1146 3616 1286 3677 accedero
1301 3616 1378 3677 solet

203 3713 299 3774 velut:

273 3886 292 3950 ¹)
311 3885 349 3939 (ΙΙ,
367 3886 496 3939 drovalus
514 3884 655 3945 lsidoriana
674 3893 692 3937 t.
710 3885 729 3937 l.
748 3903 771 3953 p.
785 3886 843 3939 307.
862 3916 891 3924 -
913 3885 1090 3938 Praelatioues
1108 3885 1268 3938 Priscilliaui
1286 3894 1314 3938 et
1330 3886 1378 3937 Ps-

203 3969 301 4033 regrini
319 3970 449 4021 cniusdam
468 3970 591 4036 episcopi,
610 3968 653 4035 qui
671 3984 780 4020 canones
797 3970 844 4021 bos
862 3970 889 4020 in
908 3984 1005 4020 sacram
1029 3970 1182 4036 scripturam
1201 3968 1376 4020 introduxisse

203 4051 313 4117 videtur,
332 4052 357 4102 in
376 4052 469 4103 Codice
488 4052 589 4117 diplom.
607 4048 717 4103 Curensi
737 4052 900 4103 exhibentur.

276 4132 297 4195 ¹)
315 4134 346 4186 V.
365 4134 467 4185 ibidem.

271 4214 292 4277 Ἰ
310 4213 348 4267 ef.
366 4216 494 4269 drausius
512 4223 531 4267 t.
551 4214 569 4267 Ι.
589 4232 611 4281 p.
631 4214 691 4269 366.

271 4295 295 4361 ⁴)
311 4296 340 4347 V.
358 4296 450 4348 lsidori
469 4298 681 4365 etymologiarum
700 4298 716 4350 l.
737 4297 776 4351 Vl.
798 4301 820 4351 1.

271 4376 291 4438 ὓΙ
311 4376 348 4428 Cl.
367 4378 498 4430 Biaaclrinl
516 4378 649 4432 Vindicius
667 4394 690 4447 p.
709 4378 817 4431 CCXlll.

274 4456 294 4520 Ἰ
313 4458 351 4509 Cl.
369 4458 474 4523 Ziegler
493 4460 730 4524 Sitzuagsberiabte
749 4461 794 4511 dar
807 4461 946 4512 Akademie
964 4461 1012 4510 der
1028 4458 1188 4511 Wissenseb.
1205 4476 1238 4508 au
1250 4457 1375 4509 bliinelrea

206 4541 271 4592 1876
289 4558 312 4607 p.
330 4540 380 4591 656
394 4557 446 4606 sqq.
