3300 5109
709 367 909 429 ..7-

228 544 438 627 exemplarium
464 562 542 624 quae
564 544 808 616 describebantur
837 553 915 619 erat,
942 564 977 607 eo
1004 546 1104 628 plures
1134 565 1239 610 causae
1264 548 1401 614 lectionis

228 645 389 708 mutandae
404 641 603 707 nascebantur
618 651 648 705 et
663 644 757 725 magis
779 645 934 727 magisque
955 645 1045 707 libros
1064 645 1170 709 uariari
1191 665 1313 711 necesse
1327 658 1400 713 erat.

313 744 371 805 Sed
405 744 442 805 de
474 741 520 804 bis
554 742 644 805 rebus
674 742 746 806 satis
776 743 809 805 in
837 742 1011 807 universnm
1042 744 1154 807 dictum
1183 746 1231 807 sit.
1275 747 1334 809 lam
1364 748 1400 809 de

235 842 360 922 singulis
389 842 538 906 codicibus
560 843 722 904 videamus.
766 842 809 904 Ac
830 842 961 923 primum
985 852 1123 917 statuam,
1156 855 1230 924 quot
1252 853 1283 907 51
1304 846 1401 926 qualia

230 942 366 1005 codicum
388 938 446 1022 'qui
479 944 515 1005 ad
545 943 700 1023 Vulgatam
734 941 974 1004 constituendam
1010 943 1071 1023 apti
1105 942 1261 1007 rideantur
1293 962 1401 1024 genera

230 1042 419 1121 distinguam.

313 1141 337 1216 Ι)
361 1141 483 1204 Codices
498 1147 611 1203 textum
629 1139 871 1221 antiquissimum
895 1140 1099 1203 continentes:
1122 1141 1220 1203 Codex
1235 1141 1402 1205 Amiatinus

228 1240 279 1320 (A)
301 1240 366 1302 ced.
390 1240 546 1303 Puldensis
569 1239 618 1320 (P)
638 1239 703 1301 cod.
720 1238 1071 1320 Vaticanus-Reginensis
1095 1239 1147 1321 (Β)
1169 1240 1233 1303 cod.
1249 1240 1401 1305 Parisinus

229 1338 333 1401 11553
357 1337 415 1419 (Ρ).

311 1435 350 1516 ΙΙ)
373 1436 495 1499 Codices
518 1422 534 1499 5
556 1436 732 1498 recensione
754 1436 873 1499 Alcnini
895 1437 1078 1519 pendentes:
1105 1438 1177 1500 Cod.
1200 1437 1401 1502 vallicellanus

228 1534 251 1595 B
274 1534 293 1595 6
317 1534 359 1612 (5)
380 1535 444 1597 cod.
467 1534 620 1598 Parisinus
643 1535 663 1595 2
685 1534 731 1615 (11)
754 1535 818 1597 cod.
841 1533 1031 1599 ldodoetinus
1046 1535 1089 1617 (5)
1103 1536 1168 1598 cod.
1190 1536 1332 1600 Paulinus
1355 1538 1400 1617 (d)

233 1634 297 1695 cod.
321 1632 473 1696 Parisinus
495 1635 516 1695 4
540 1636 579 1711 (5)
603 1634 667 1697 cod.
691 1634 817 1697 Parisin.
845 1635 859 1694 1
885 1635 922 1714 (1)
946 1635 1009 1697 ced.
1034 1634 1160 1697 Parisin.
1183 1634 1202 1697 3
1225 1634 1278 1716 (g).
1391 1638 1394 1643 '

314 1732 364 1809 lll)
389 1732 509 1796 Codices
532 1732 671 1812 Hispani:
695 1732 766 1794 Cod.
789 1733 1220 1813 1151511115(κ)51’151515551
1243 1734 1295 1814 (τ).
1326 1735 1400 1807 Qui-

228 1831 353 1893 buscum
377 1840 501 1911 cognata
523 1839 567 1893 est
589 1830 725 1893 recensio
747 1832 901 1895 Tbeodulfi
929 1832 1060 1914 episcopi
1081 1832 1299 1895 Aurelianensis
1326 1851 1402 1912 quae

229 1931 400 1994 continetur
422 1930 523 1993 codice
545 1930 679 1992 Parisino
702 1928 785 1992 9380
809 1933 870 2009 (d).

316 2028 366 2108 lV)
393 2029 515 2092 Codices
538 2029 716 2092 Casinenses
741 2027 803 2091 552
827 2026 1012 2107 (155111
1036 2023 1102 2108 (n).

317 2128 473 2191 Praeterea
497 2126 676 2191 testimoniis
701 2127 835 2190 codicum
858 2128 922 2191 eius
945 2146 1034 2210 quam
1062 2144 1152 2209 supra
1174 2128 1233 2190 dixi
1255 2127 1355 2190 classis
1377 2148 1400 2189 s

231 2226 353 2288 ll-llll
374 2227 405 2288 in
429 2226 507 2289 ltalia
531 2226 709 2307 scriptorum
733 2226 765 2286 in
789 2226 836 2287 bis
852 2225 1070 2308 prolegomenis
1081 2235 1156 2289 utar.
1187 2228 1264 2289 Sunt
1280 2226 1403 2289 codices

231 2324 421 2388 Sessorianus
445 2325 484 2387 13
517 2342 597 2388 5555
630 2323 827 2387 bibliothecae
860 2344 936 2405 quae
970 2326 1131 2388 memoriae
1160 2325 1236 2406 regis
1271 2325 1397 2387 Victoris

232 2423 404 2486 Emanuelis
433 2424 566 2488 dedicata
590 2435 635 2487 est
650 2423 706 2505 (1),
731 2424 935 2487 Casanatensis
950 2424 973 2485 B
988 2424 1011 2495 l,
1034 2422 1054 2485 8
1069 2422 1124 2501 (2),
1146 2424 1302 2487 Vaticanus
1317 2422 1399 2484 4221

234 2523 290 2602 (3),
312 2522 507 2602 Angelicanus
522 2522 546 2583 Τ
562 2523 584 2594 l,
603 2524 639 2583 11
658 2522 714 2599 (4),
735 2522 949 2585 Ambrosianus
963 2523 986 2585 C
1001 2521 1063 2585 223
1079 2523 1133 2585 inl.
1149 2521 1196 2603 (5)
1210 2522 1403 2585 bibliothecae

234 2621 367 2703 publicae
390 2622 598 2704 Neapolitanae
620 2621 707 2685 biblia
730 2640 807 2702 quae
828 2630 972 2684 vocantur
993 2621 1105 2684 Aliensi
1127 2620 1173 2700 (d)
1195 2621 1262 2683 ced.
1283 2619 1402 2698 Angeli-

231 2738 322 2783 canus
343 2720 368 2781 Τ
391 2721 413 2795 l,
436 2720 455 2782 9
477 2720 535 2801 (7).

316 2819 369 2881 llis
391 2820 519 2883 addendi
542 2829 614 2881 sunt
634 2819 746 2899 aliquot
769 2819 895 2893 codices,
918 2819 970 2900 qui
986 2836 1166 2900 quamquam
1183 2836 1250 2882 cum
1266 2816 1401 2881 codicum

234 2918 351 2979 lamiliis
385 2918 420 2980 de
451 2917 559 2999 quibus
593 2917 722 2981 diximus
749 2917 1020 2980 necessitudinibus
1049 2916 1225 2997 quibusdam
1248 2916 1431 2982 coniuncti.

234 3026 305 3079 sunt
328 3027 428 3079 tamen
451 3017 505 3079 uni
527 3017 654 3099 quisque
676 3024 772 3080 certae
794 3016 879 3079 classi
902 3016 992 3079 tribui
1013 3034 1075 3086 non
1097 3025 1234 3096 possunt

317 3116 532 3179 Ambrosianus
555 3116 634 3179 1148
657 3135 722 3197 sup.
746 3136 769 3179 s.
793 3116 841 3177 tx.
883 3115 1025 3178 Continet
1047 3115 1191 3197 epistulas
1214 3116 1245 3177 S.
1268 3117 1351 3181 Pauli
1373 3125 1403 3180 et

231 3217 386 3280 canonicas
417 3215 472 3296 (8).
510 3214 835 3279 Vaticanus-Palatinus
869 3215 910 3276 57
944 3233 968 3277 s.
991 3214 1027 3277 X.
1085 3215 1225 3279 Continet
1261 3216 1401 3298 epistulas

235 3317 264 3377 S.
288 3315 370 3377 Pauli
394 3314 450 3396 (9).
482 3315 679 3377 Bibliothecae
702 3314 903 3377 Vallioellanae
925 3314 1011 3376 Tom.
1033 3312 1100 3376 Xlll
1121 3315 1142 3376 1.
1168 3313 1271 3377 1--69
1293 3315 1402 3397 quibus

232 3414 426 3476 continentur
449 3413 593 3494 epistulae
616 3412 930 3490 secernendo).
959 3412 1101 3475 Eiusdem
1124 3415 1146 3475 A
1165 3414 1288 3477 19511.
1322 3416 1402 3477 Con·

233 3512 310 3574 11551
324 3520 394 3591 post
409 3512 504 3574 Bedae
527 3511 776 3574 commentarium
800 3512 831 3573 in
845 3510 976 3574 blancum
993 3518 1022 3574 et
1038 3510 1147 3575 Lucam
1163 3512 1303 3593 epistulas
1324 3512 1402 3576 Pau·

233 3611 319 3682 linas,
335 3618 398 3673 acta
414 3610 629 3693 apostolerum,
653 3610 794 3690 epistulas
810 3610 967 3672 canonicas
981 3609 1057 3691 (11).
1080 3610 1401 3674 8555511555535.ΧΙ.

231 3710 373 3773 Continet
395 3728 496 3772 sacrae
518 3710 683 3790 scripturae
706 3709 828 3771 alteram
851 3717 965 3790 partem
988 3708 1179 3790 incipientem
1202 3729 1218 3773 a
1237 3710 1401 3791 proverbiis

235 3807 311 3886 (12).
354 3808 550 3889 Angelicanus
572 3809 596 3869 A
619 3809 648 3882 5,
674 3809 713 3869 14
728 3827 752 3870 5.
775 3807 850 3869 Xlll.
877 3808 1017 3871 Continet
1038 3809 1256 3888 evangeliorum
1278 3810 1400 3872 harmo-

233 3908 310 3969 niam
337 3907 461 3970 eandem
487 3926 574 3989 quam
599 3907 662 3969 ced.
678 3906 846 3981 Fuldensis‚
870 3906 1011 3987 epistulas
1034 3906 1064 3969 S.
1081 3907 1173 3982 Pauli,
1196 3916 1259 3972 acta
1280 3916 1401 3989 aposto-

233 4007 329 4069 lorum
354 4007 506 4088 usquead
530 4024 593 4087 cap.
618 4005 658 4069 26
681 4004 759 4086 (13).

315 4106 454 4168 Codicem
489 4106 673 4169 Amiatinum
712 4104 942 4185 diligentissime
978 4105 1136 4186 descripsit
1170 4105 1334 4168 Bandinius
1369 4106 1401 4169 in

230 4204 361 4287 catalogo
393 4204 589 4268 bibliothecae
612 4204 810 4287 Lecpoldinae
842 4203 1058 4267 Laurentianae
1089 4211 1111 4265 1.
1139 4204 1162 4265 l.
1189 4224 1219 4285 p.
1242 4204 1302 4266 711
1332 4223 1400 4286 sqq.

232 4307 328 4379 Quem
352 4304 472 4383 quidem
494 4304 571 4384 lugit
591 4304 737 4366 rationem
761 4303 909 4385 quandam
933 4304 1011 4365 inter
1032 4304 1114 4365 buno
1135 4302 1265 4366 codicem
1288 4323 1400 4384 eosque

228 4422 305 4482 quos
328 4402 530 4467 Cassiodorius
552 4402 641 4467 scribi
665 4402 782 4477 iussit¹)
813 4403 1007 4475 intercedere,
1036 4401 1182 4483 equibus
1204 4419 1297 4465 unum
1321 4411 1400 4466 certe

297 4520 317 4586 ¹)
336 4521 368 4573 V.
388 4519 567 4571 Cassiodorius
584 4520 615 4571 do
634 4518 798 4571 institutione
816 4518 897 4571 divin.
916 4518 1061 4570 litterarum
1079 4532 1133 4584 cap.
1151 4516 1207 4569 All.
1221 4534 1273 4585 sqq.
