3300 5109
759 388 973 451 ..36-

281 569 310 623 et
333 562 510 643 peculiarem
534 564 773 644 orthographiam
798 564 908 635 curari,
933 573 966 625 ut
988 583 1090 625 earum
1114 583 1191 644 quae
1213 582 1245 626 re
1268 582 1333 625 rera
1350 572 1450 625 essent

280 661 374 723 variae
397 661 540 723 lectiones
565 662 640 723 ratio
663 663 776 725 facilius
799 663 937 741 cognosci
961 673 1073 742 posset.
1118 663 1199 735 Quae
1228 662 1257 723 in
1281 663 1449 725 coniectura

279 761 374 839 posita
396 768 466 822 sunt
489 762 572 822 uncis
594 760 711 823 inclusi.
736 762 764 837 [l

364 858 576 920 Ambrosiastri
613 860 779 921 versionem
815 880 851 921 11
884 860 1014 921 editione
1035 860 1239 923 hlaurinorum
1274 878 1341 921 cum
1371 859 1449 921 anti-

279 957 423 1038 quissimo
457 958 556 1019 codice
579 958 731 1021 (lesinensi
754 958 799 1020 CL
826 950 1029 1036 neglegentius
1056 978 1146 1038 quam
1177 959 1280 1020 vellem
1307 958 1449 1038 temporis

278 1057 421 1135 angustiis
445 1067 564 1117 coactus
587 1057 709 1119 contuli.
758 1057 839 1118 llaud
862 1076 929 1118 raro
952 1059 1045 1119 codex
1067 1057 1237 1119 Gasinensis
1260 1057 1296 1118 ab
1318 1056 1449 1118 editione

279 1155 480 1219 Maurinorum
504 1156 656 1230 dissentit3
678 1156 756 1217 illins
779 1156 922 1217 lectiones
945 1156 1052 1217 litteris
1075 1159 1134 1230 ΑΟ,
1159 1156 1248 1217 huius
1272 1159 1318 1216 hm
1337 1155 1446 1234 signid-

280 1256 351 1317 cavi.
409 1255 524 1333 lnspexi
558 1255 646 1315 etiam
681 1255 795 1316 codices
835 1255 1028 1317 bibliothecae
1067 1254 1237 1333 capitularis
1268 1254 1448 1315 Veronensis

279 1372 405 1414 numero
417 1352 518 1414 lxxv
534 1364 563 1414 et
578 1354 738 1415 Nationalis
756 1354 903 1414 l‘arisinae
926 1372 1051 1414 numero
1070 1354 1148 1414 1761
1174 1353 1306 1433 signatos
1327 1363 1449 1415 utcum-

280 1471 339 1531 qne
363 1451 411 1512 lX.
436 1452 499 1513 lere
521 1452 629 1513 saeculi
653 1452 864 1515 Ambrosiastri
887 1452 1115 1513 commentarios
1137 1452 1336 1513 continentes.
1367 1452 1450 1525 Quo-

280 1568 346 1613 rum
383 1560 412 1611 et
446 1550 492 1611 hic
524 1570 590 1612 cum
621 1551 720 1612 codice
744 1550 896 1613 Casinensi
925 1552 1037 1632 optime
1064 1550 1202 1629 congruit
1232 1559 1263 1612 et
1284 1550 1333 1611 ille
1355 1568 1450 1630 paene

280 1649 484 1730 apographum
508 1648 572 1709 eius
595 1669 658 1711 esse
682 1650 751 1711 mihi
776 1650 898 1711 videtur.
944 1648 1134 1711 Venerabiles
1156 1649 1293 1710 monachi
1316 1648 1450 1710 abbatiae

283 1748 392 1809 montis
415 1748 512 1810 Casini
547 1749 687 1810 lectiones
715 1749 822 1811 codicis
852 1751 898 1811 sui
921 1768 989 1809 cum
1012 1748 1144 1811 editione
1167 1748 1313 1826 hligniana
1336 1746 1448 1809 discre-

281 1854 384 1925 pantes
407 1846 515 1925 publici
537 1846 611 1907 iuris
634 1850 769 1909 lecerunt
790 1848 821 1908 in
844 1847 1023 1909 bibliotheca
1046 1847 1199 1907 Casinensi
1222 1856 1243 1909 t.
1267 1846 1316 1906 lll.
1339 1864 1368 1925 p.
1387 1845 1448 1906 323

280 1964 344 2025 sqq.
389 1945 452 2020 Qua
488 1946 519 2006 in
552 1965 584 2006 re
612 1965 687 2026 quae
714 1946 888 2025 corrigenda
915 1955 967 2007 ant
994 1946 1158 2024 accuratius
1186 1945 1351 2006 adnotanda
1379 1944 1449 2015 sint,

280 2044 415 2106 aderam:
450 2044 470 2113 l,
494 2044 562 2105 211
588 2078 624 2087 —-
645 2046 755 2124 fratres
784 2047 848 2107 cod.
883 2045 948 2106 Cas.
980 2045 1011 2104 in
1038 2064 1094 2105 ras.
1125 2045 1223 2116 babet,
1258 2045 1327 2105 item
1359 2044 1380 2120 l,
1413 2043 1450 2102 10

279 2144 424 2222 satisfacio
453 2144 472 2213 1,
501 2142 538 2204 18
564 2142 649 2205 illum
675 2145 803 2206 correxit
833 2164 868 2205 11
896 2163 960 2205 eum
988 2143 1008 2216 l,
1039 2143 1078 2202 19
1108 2143 1304 2223 apostolorum
1332 2160 1386 2222 pro
1413 2159 1451 2203 11

281 2241 425 2321 apostolis,
453 2241 486 2317 ll,
513 2245 550 2304 10
574 2262 618 2323 pr.
645 2262 683 2305 111.
705 2247 832 2323 inopum,
864 2252 964 2323 postea
993 2242 1083 2304 stulte
1113 2250 1259 2303 mutatum
1289 2250 1334 2303 est
1361 2241 1392 2302 in
1418 2244 1450 2301 in

280 2413 358 2475 opus,
380 2394 425 2467 ll,
451 2394 489 2455 13
519 2346 732 2467 utetbarnadas
759 2408 786 2459 et
815 2414 854 2456 m.
882 2406 957 2475 post.
989 2394 1205 2473 suprascripsit,
1240 2394 1274 2465 ll,
1307 2394 1344 2453 14
1373 2404 1452 2455 recta

263 2518 419 2585 11111111,
451 2508 497 2579 lll,
524 2510 538 2567 1
564 2519 590 2569 et
612 2516 681 2570 ante
703 2513 733 2570 in
755 2508 835 2570 uobis
858 2528 916 2569 om.
940 2508 986 2580 ΙΙΙ,
1013 2509 1050 2568 12
1073 2512 1103 2569 in
1125 2508 1184 2570 illis
1205 2510 1237 2568 in
1258 2510 1306 2576 cis,
1339 2505 1386 2580 lll,
1412 2505 1450 2566 18

276 2627 331 2687 per
351 2609 569 2687 promessionem
587 2625 708 2687 proper
729 2611 985 2687 repromissionent,
1009 2610 1079 2669 item
1098 2608 1142 2679 lV,
1165 2605 1216 2679 23,
1234 2607 1266 2677 V,
1292 2606 1304 2664 1
1332 2604 1454 2668 cautus

281 2726 334 2786 pro
359 2708 506 2768 contineri.
551 2706 570 2776 l,
596 2706 635 2764 17
669 2724 744 2786 quae
767 2706 878 2767 hahent
899 2705 1025 2767 llaurini
1048 2718 1073 2767 et
1095 2711 1199 2767 iterum
1221 2722 1366 2785 repressus
1386 2722 1452 2764 sum

281 2805 454 2867 Damascum
477 2806 541 2867 cod.
566 2805 629 2866 Cas.
654 2804 770 2875 omisit3
805 2804 836 2866 in
861 2805 993 2883 margine
1016 2806 1157 2866 inferiore
1180 2803 1274 2866 scriba
1305 2803 1452 2883 supplevit

278 2908 383 2966 iterum
404 2922 538 2965 reuersus
560 2923 623 2966 sum
646 2903 829 2966 Damascum.
861 2904 1000 2973 .-ll,3
1025 2904 1202 2965 uerbenam
1233 2912 1302 2964 esset
1321 2920 1450 2981 procons,

279 3021 354 3082 quae
389 3010 418 3063 et
450 3004 515 3063 cod.
542 3003 606 3065 Cas.
641 3010 671 3064 et
702 3004 792 3065 ceteri
821 3004 937 3065 codices
965 3003 994 3064 in
1029 3011 1172 3064 contextu
1207 3001 1380 3075 omiserunt,
1414 3019 1450 3060 11

280 3101 496 3163 commentario
520 3102 683 3181 supplenda
706 3110 785 3163 sunt.

364 3199 507 3261 Victorini
530 3200 738 3261 commentarii
761 3200 789 3259 in
812 3200 956 3279 epistulas
978 3201 1013 3261 ad
1030 3200 1155 3273 Galatas,
1180 3201 1217 3261 ad
1234 3199 1447 3279 Philippenses,

280 3300 314 3359 ad
334 3298 475 3377 Ephesios
499 3297 593 3359 tribus
616 3297 765 3360 codicibus
782 3298 926 3360 Vaticanis
942 3298 1165 3371 recentissimis,
1188 3318 1222 3359 ex
1248 3298 1355 3379 quibus
1378 3315 1446 3358 cum

279 3397 342 3458 aliis
366 3397 498 3458 eiusdem
521 3396 640 3477 scriptis
664 3396 732 3457 editi
757 3406 829 3458 sunt
852 3397 887 3458 ab
909 3398 1017 3476 ringeln
1034 3397 1090 3458 Mai
1112 3398 1142 3457 in
1159 3398 1343 3477 Scriptorum
1360 3396 1447 3457 Vete-

277 3515 344 3557 rum
368 3496 445 3557 Nova
469 3496 645 3557 Collectione
669 3507 690 3556 t.
713 3494 761 3556 lll.
786 3496 897 3557 Romae
922 3494 1013 3571 1828,
1048 3497 1127 3557 unde
1157 3516 1211 3575 ego
1233 3496 1376 3557 lectiones
1399 3493 1447 3554 Vi·

278 3595 385 3655 ctcrini
421 3594 601 3675 transcripsi,
636 3595 710 3655 male
744 3595 912 3656 conservati
945 3605 1027 3657 sunt.
1082 3595 1175 3656 Verba
1210 3596 1240 3656 S.
1268 3592 1351 3655 Pauli
1382 3593 1447 3673 ipso

279 3694 493 3755 commentario
534 3694 573 3754 ita
612 3693 757 3773 implicata
798 3702 883 3765 sunt,
922 3704 955 3756 ut
994 3695 1143 3755 interdum
1177 3693 1323 3755 difficilius
1356 3690 1447 3753 extri-

278 3800 392 3854 cantur.
445 3793 518 3853 lVam
548 3792 669 3866 scribae,
699 3792 749 3872 qui
777 3792 870 3871 signis
892 3793 1066 3872 quibusdam
1090 3801 1124 3854 ut
1146 3793 1263 3854 videtur
1284 3810 1317 3852 ea
1341 3789 1448 3853 distin-

277 3910 369 3971 guere
390 3890 538 3965 volebant,
575 3891 641 3971 plus
673 3891 766 3959 semel
797 3902 981 3953 erraverunt.
1026 3893 1129 3973 Neque
1151 3892 1257 3964 versio,
1285 3908 1373 3970 quam
1397 3888 1447 3949 Vi-

277 3990 393 4051 11111111
422 3987 564 4060 adhibuit,
599 3990 629 4049 in
659 3991 882 4051 commentariis
913 3991 977 4052 eius
1007 3991 1120 4070 integra
1142 3989 1327 4071 proponitur.
1372 3988 1447 4048 lVam

277 4088 330 4150 alia
356 4088 522 4150 Victorinus
557 4087 673 4150 brevius
709 4090 853 4158 tractavit,
888 4089 941 4149 alia
975 4090 1133 4163 transiluit,
1166 4088 1224 4150 nisi
1258 4088 1329 4149 hacc
1362 4086 1446 4165 culpa

276 4188 439 4249 scribarum
464 4187 606 4265 excidisse
630 4206 695 4249 cum
720 4188 830 4267 Angelo
846 4187 902 4249 llai
928 4189 1056 4249 iudicare
1082 4189 1181 4250 mavis.
1212 4187 1342 4248 Omnino
1365 4186 1445 4246 enim

277 4288 358 4347 deest
391 4286 457 4347 linis
492 4286 595 4364 capitis
618 4285 648 4346 V.
674 4287 743 4347 inde
771 4307 786 4347 a
810 4286 906 4347 verbis
934 4287 1001 4349 haec
1029 4290 1103 4348 enim
1126 4306 1151 4347 1.
1178 4288 1226 4346 17.
1272 4286 1342 4347 lnde
1371 4306 1387 4347 a
1420 4302 1445 4344 c.

278 4385 326 4445 lll.
348 4404 374 4445 1.
399 4387 417 4444 7
442 4403 536 4465 usque
560 4385 595 4446 ad
619 4384 742 4447 verbum
763 4390 908 4465 promissa
929 4406 954 4445 1.
979 4386 1013 4445 21
1042 4386 1173 4463 integros
1196 4402 1257 4447 non
1281 4387 1365 4447 111111
1387 4383 1445 4445 nisi

284 4504 327 4545 11.
352 4484 371 4545 8
395 4493 423 4545 11
448 4485 495 4545 10.
527 4484 584 4544 Sed
608 4502 643 4544 ex
667 4484 701 4545 iis
725 4503 799 4564 quae
822 4486 941 4546 disserit
963 4487 1104 4564 quasdam
1129 4484 1270 4546 lectiones
1292 4504 1360 4546 cum
1383 4483 1445 4545 aliis

278 4584 407 4664 antiquis
441 4583 628 4645 versionibus
671 4602 739 4645 eum
778 4602 953 4646 communes
991 4584 1130 4647 babuisse
1167 4582 1302 4645 concludi
1337 4589 1446 4664 potest.
