3300 5109
293 1254 424 1335 Epistula
447 1254 482 1317 ad
507 1254 623 1317 Galatas
639 1255 732 1335 qualis
749 1255 785 1317 ab
802 1262 922 1316 auctore
937 1255 1075 1333 Vulgatae
1090 1253 1207 1317 videtur·
1221 1257 1295 1320 lecta
1312 1274 1378 1316 esse

208 1353 359 1433 proposita
382 1372 454 1415 num
479 1354 530 1434 qui
553 1362 676 1433 putatur
692 1354 833 1433 Vulgatae
849 1361 951 1416 auctor
967 1373 1034 1415 esse
1050 1353 1247 1435 Hieronymus
1263 1374 1295 1416 re
1311 1372 1378 1416 vera

207 1452 243 1512 sit
267 1470 451 1531 quaeramus.
497 1453 527 1513 S.
550 1453 747 1533 Hieronymus
768 1472 837 1514 cum
862 1453 1033 1514 exoriente
1056 1453 1181 1515 Romam
1204 1471 1340 1516 reversus
1362 1472 1378 1513 a

211 1550 335 1611 Damaso
359 1570 432 1630 papa
455 1551 617 1632 scripturas
638 1570 735 1614 sacras
759 1552 794 1613 ad
819 1551 953 1614 codicum
971 1552 1151 1615 Graecorum
1173 1552 1379 1615 auctoritatem

208 1648 322 1727 exigere
361 1650 459 1711 iussus
487 1659 573 1724 esset,
609 1650 683 1713 circa
715 1668 827 1713 annum
851 1649 912 1713 383
942 1651 978 1712 ab
1001 1651 1158 1730 evangeliis
1188 1651 1380 1713 emendandis

209 1747 322 1828 incepit
355 1767 448 1827 eaque
474 1749 568 1829 prima
599 1750 757 1830 separatim
786 1769 801 1810 a
824 1749 947 1829 reliquis
970 1750 1044 1811 Nori
1066 1750 1148 1813 Test.
1171 1749 1254 1811 libris
1277 1748 1378 1810 edidit.

208 1846 270 1908 Hoc
305 1846 384 1907 enim
414 1857 535 1927 apparet
565 1868 599 1909 ex
623 1849 714 1929 ipsius
737 1850 834 1910 verbis
856 1868 931 1928 quae
954 1848 1077 1910 suntin
1101 1868 1135 1909 ea
1159 1867 1236 1928 quae
1257 1856 1304 1910 est
1324 1865 1380 1927 pro

208 1945 391 2024 praefatione
414 1945 443 2006 in
467 1946 612 2027 evangelia
637 1947 761 2027 epistula
785 1947 820 2007 ad
838 1947 1012 2009 Damasum:
1037 1947 1137 2026 ‘igitur
1151 1947 1224 2009 baec
1239 1964 1380 2026 praesens

208 2043 440 2122 praefatiuncula
473 2046 630 2124 pollicetur
663 2054 802 2126 quattuor
835 2054 953 2109 tautum
989 2046 1153 2124 evangelia'.
1198 2046 1273 2107 Gum
1311 2063 1379 2105 vero

211 2141 354 2204 llamasus
377 2160 438 2204 non
462 2143 558 2205 solum
583 2146 738 2223 evangelia,
761 2146 813 2206 sed
837 2163 944 2207 omnes
966 2164 1064 2207 sacras
1087 2143 1249 2225 scripturas
1273 2143 1380 2204 Hiero-

211 2258 334 2319 nymum
361 2240 508 2319 corrigere
532 2241 673 2304 voluisset
695 2242 778 2321 (ibid.
802 2250 924 2305 ‘novum
948 2262 1022 2323 opus
1050 2242 1149 2304 facere
1173 2260 1219 2304 me
1241 2241 1323 2319 cogis
1345 2260 1381 2303 cr

210 2338 312 2411 veteri,
346 2345 379 2400 ut
413 2346 479 2418 post
514 2340 688 2419 exemplaria
719 2341 934 2421 scripturarum
962 2350 1025 2403 toto
1049 2340 1121 2402 orbe
1143 2340 1274 2420 dispersa
1297 2339 1382 2419 quasi

210 2437 329 2517 quidam
353 2437 463 2499 arbiter
485 2438 637 2514 sedeam),
660 2439 792 2519 reliquos
809 2440 884 2502 Novi
899 2440 977 2502 lest.
994 2439 1084 2501 libros
1105 2438 1152 2501 illa
1167 2438 1380 2500 subsecuturos

209 2554 275 2596 esse
298 2556 313 2597 a
337 2534 495 2597 lectoribus
525 2536 619 2598 conici
649 2555 768 2599 necesse
797 2538 864 2600 luit.
908 2539 1005 2619 Atque
1031 2556 1064 2599 re
1093 2556 1161 2599 rere
1189 2556 1257 2599 eum
1280 2536 1380 2599 statim

209 2642 288 2695 certe
311 2634 347 2694 ad
363 2633 502 2714 epistulas
519 2634 655 2697 Paulinae
671 2637 873 2697 emendandas
888 2656 921 2697 se
935 2637 1099 2698 accinxisse
1110 2644 1238 2698 testatur
1253 2635 1380 2715 epistula

209 2732 272 2793 eius
289 2732 400 2793 XXVll.
424 2732 460 2794 ad
476 2731 640 2795 Marcellam
666 2754 742 2797 anno
759 2733 821 2796 384
843 2736 952 2816 scripta
962 2736 995 2815 1),
1020 2736 1049 2796 in
1072 2754 1129 2815 qua
1150 2743 1307 2814 postquam
1322 2732 1380 2793 sibi

210 2830 331 2899 detrahi,
364 2831 430 2910 quia
455 2831 485 2891 in
508 2832 663 2911 evangeliis
686 2834 782 2914 aliqua
806 2836 966 2895 emendare
988 2841 1142 2905 tentasset,
1176 2840 1300 2912 questus
1323 2842 1380 2904 est,

210 2930 342 3009 exempla
366 2930 477 3009 aliquot
501 2931 746 2994 emendationum
769 2951 891 2995 suarum
915 2934 944 2994 in
968 2933 1108 3012 epistulas
1123 2923 1263 2993 Paulinae
1285 2930 1380 2991 affert.

210 3027 302 3089 Porro
325 3027 441 3089 duobus
463 3028 535 3089 locis
558 3036 656 3091 totum
680 3031 795 3091 Novum
825 3031 904 3093 Test.
926 3051 959 3092 sc
981 3032 1156 3092 emendasse
1178 3030 1288 3092 diserte
1310 3029 1380 3089 dicit

210 3126 240 3187 in
264 3145 310 3206 ep.
326 3125 427 3187 Llle.
443 3126 478 3187 ad
497 3126 651 3189 lucinium
671 3132 703 3203 (t.
721 3130 741 3191 l.
759 3128 848 3204 434);
870 3131 995 3191 ‘Novum
1012 3130 1237 3191 Testamentum
1254 3128 1381 3189 Graecae

209 3225 323 3285 reddidi
357 3224 533 3286 auctoritati
567 3234 595 3287 et
629 3227 665 3287 de
695 3228 761 3289 viris
790 3228 955 3290 illustribus
982 3248 1046 3308 cap.
1079 3227 1137 3289 135
1169 3231 1203 3302 (t.
1233 3226 1269 3287 ll.
1291 3226 1380 3299 ebat:

209 3322 334 3384 ‘Novum
357 3322 580 3385 Testamentum
601 3325 727 3388 Graecae
747 3327 816 3387 lidei
838 3326 970 3388 reddidi'.
1159 3386 1163 3395 ,

295 3422 400 3482 Mirum
424 3422 543 3501 quidem
568 3432 622 3493 est,
646 3425 805 3504 quodnisi
829 3426 860 3486 in
884 3425 1031 3505 evangelia
1054 3424 1086 3486 in
1101 3423 1193 3485 libros
1209 3423 1283 3484 Nori
1300 3422 1380 3483 Test.

211 3520 309 3581 nullus
332 3520 500 3600 Hieronymi
535 3522 673 3601 prologus
707 3532 812 3598 exstat,
847 3542 915 3585 oum
938 3523 1052 3586 Veteris
1074 3522 1155 3584 Test.
1188 3521 1296 3583 librum
1328 3538 1381 3581 sua

210 3636 357 3698 quemque
391 3628 423 3680 ut
446 3619 536 3680 edidit
559 3621 741 3701 praelatione
765 3622 983 3697 instruxeritit.
1030 3623 1123 3684 Porro
1144 3621 1173 3683 S.
1198 3620 1381 3699 Augustinus

210 3718 247 3777 de
280 3716 485 3779 emendatione
519 3719 703 3799 reliquorum
726 3721 797 3782 Novi
829 3722 909 3783 Test.
938 3720 1081 3782 librorum
1115 3720 1202 3799 plane
1229 3719 1382 3797 ignorasse

211 3814 336 3877 videtur.
383 3815 491 3877 Scribit
514 3817 592 3878 euim
623 3820 658 3880 ad
682 3819 911 3899 Hieronymum:
946 3819 1081 3899 ‘proinde
1108 3836 1167 3879 non
1195 3836 1297 3898 parvas
1326 3816 1381 3878 deo

211 3914 318 3995 gratias
341 3914 456 3994 agimus
480 3915 514 3976 de
539 3935 630 3996 opere
653 3924 705 3978 tuo
728 3937 786 3999 quo
815 3918 1055 3998 evangelium
1089 3937 1125 3978 ex
1147 3916 1258 3979 Graeco
1287 3915 1381 3977 inter-

211 4022 343 4093 pretatus
366 4011 447 4092 es’il.
494 4014 579 4076 Gerte
602 4034 664 4077 non
688 4017 869 4096 singularem
893 4026 1009 4097 partem
1032 4014 1334 4087 cernmcmorarisset‚
1356 4013 1382 4073 si

210 4130 299 4174 omne
333 4112 367 4173 N.
391 4112 423 4173 T.
449 4112 484 4173 ab
518 4113 696 4195 Hieronymo
731 4126 889 4179 tractatum
922 4135 987 4179 csse
1019 4115 1165 4178 scivisset.
1210 4114 1312 4194 Neque
1345 4113 1381 4173 iis

279 4348 300 4412 ¹)
320 4348 349 4398 V.
368 4363 423 4413 opp.
441 4347 465 4398 S.
487 4348 637 4416 Hieronymi
656 4360 674 4402 t.
693 4351 711 4403 l.
729 4354 779 4403 col.
800 4354 849 4404 134
867 4354 908 4403 cd.
929 4353 1042 4404 Vallarsi
1060 4350 1175 4404 Venetiis
1197 4349 1270 4399 1766.

279 4426 300 4494 ¹)
319 4428 401 4479 Praei.
421 4426 449 4481 in
468 4433 617 4496 psalterium
636 4439 654 4484 t.
673 4433 706 4483 X.
730 4434 790 4484 106:
811 4438 942 4485 ‘consucta
962 4432 1121 4499 praefatione
1140 4431 1301 4481 commoneo'.

279 4510 299 4569 q
318 4508 356 4561 cr.
376 4526 414 4577 ep.
433 4512 496 4566 crv.
515 4521 534 4564 t.
554 4512 571 4565 r.
590 4514 647 4565 cea.

265 4594 401 4645 Cernen,
416 4596 518 4649 Hpistule
533 4597 561 4639 nd
575 4597 674 4645 Gelutes.
1206 4617 1223 4671 3
