3300 5109
718 394 917 459 ..5-

231 572 402 645 babuntur,
425 573 551 635 fortasse
579 572 653 634 alius
678 572 824 652 quispiam
853 571 1042 644 incitabitur,
1071 580 1104 634 ut
1126 590 1192 633 mea
1216 570 1352 649 corrigat,
1376 579 1406 633 et

230 673 255 735 si
284 692 318 735 ea
348 691 435 735 causa
466 671 571 741 fuerit,
606 678 639 732 ut
667 690 742 752 opus
770 671 851 752 quod
880 668 979 733 animo
1010 690 1076 733 meo
1103 670 1314 733 obversabatur
1336 690 1404 733 eum

230 772 333 854 plausu
357 772 514 833 hominum
538 770 692 831 doctorum
718 769 904 844 exaedificet‚
932 770 1047 833 veniam
1077 770 1114 832 ab
1136 771 1237 850 aequis
1258 768 1404 831 iudicibus

232 870 408 951 impetrabo.

317 969 493 1048 Priusquam
505 968 537 1028 in
550 967 645 1047 ipsam
659 967 816 1048 epistulam
830 968 864 1028 ad
879 966 993 1029 Galatas
1010 966 1204 1047 inquiramus,
1219 968 1254 1029 de
1266 966 1404 1029 universo

230 1066 309 1129 statu
333 1075 364 1128 et
386 1066 562 1129 condicione
585 1065 721 1128 codicum
744 1067 884 1145 Vulgatae
908 1067 1050 1128 nonnulla
1073 1064 1172 1129 dicere
1195 1084 1315 1128 necesse
1337 1065 1403 1127 erit.

317 1164 545 1229 Innumerabilia
570 1172 642 1227 sunt
663 1172 694 1225 et
714 1164 869 1227 universae
892 1165 1056 1245 scripturae
1077 1165 1193 1227 divinae
1219 1174 1250 1227 et
1271 1165 1403 1244 singula-

229 1286 297 1330 rum
328 1267 390 1329 eius
417 1264 546 1345 partium
579 1262 715 1343 inprimis
743 1263 962 1343 evangeliorum
994 1272 1022 1325 et
1050 1264 1243 1344 epistularum
1266 1263 1296 1324 S.
1320 1263 1405 1325 Pauli

229 1364 416 1447 exemplaria,
438 1364 549 1425 rariora
566 1362 676 1424 scilieet
698 1362 891 1441 antiquorum
914 1370 1095 1442 temporum,
1119 1362 1244 1424 maxime
1267 1380 1403 1423 commu·

230 1466 279 1529 nia
300 1464 370 1526 inde
392 1482 407 1523 a
431 1460 480 1522 lX.
504 1459 631 1546 saeculo.
667 1462 802 1534 Quorum
825 1462 1002 1523 immensam
1019 1462 1134 1542 copiam
1157 1461 1192 1521 ad
1217 1461 1403 1540 digerendam

230 1573 260 1626 et
283 1560 509 1626 discernendam
539 1560 667 1641 primum
697 1568 820 1621 externa
853 1561 997 1640 quaedam
1028 1559 1135 1642 indicia
1158 1559 1231 1621 mibi
1253 1559 1405 1639 sequenda

231 1662 416 1725 videbantur.
463 1658 563 1737 ltaque
587 1658 721 1719 ordinem
745 1658 890 1720 librorum
914 1677 1078 1739 eorumque
1108 1658 1141 1719 in
1163 1658 1256 1739 capita
1280 1658 1404 1721 divisio-

231 1779 299 1823 nem
322 1756 484 1820 obseruari.¹
528 1755 634 1818 Mirum
658 1756 738 1819 enim
761 1766 816 1830 est,
840 1763 986 1838 quantum
1010 1757 1127 1820 codices
1142 1756 1172 1818 in
1195 1757 1239 1819 his
1255 1757 1404 1820 differant.

230 1860 415 1938 Quamquam
440 1862 519 1917 certa
543 1855 689 1935 quaedam
713 1862 793 1927 sunt,
815 1874 891 1936 quae
914 1863 1060 1918 constent.
1088 1855 1140 1917 ln
1162 1856 1300 1919 omnibus
1322 1856 1403 1917 enim
1446 1896 1449 1899 -

230 1957 367 2035 Vulgatae
382 1953 534 2017 codicibus
551 1954 693 2034 epistulae
716 1972 792 2033 quae
814 1955 845 2016 in
861 1954 943 2016 libris
959 1954 1070 2017 Latinis
1087 1962 1229 2016 vocantur
1244 1955 1404 2017 canonicae

231 2056 365 2117 ordinem
389 2054 578 2127 Graecorum,
602 2072 691 2133 quem
706 2052 802 2114 Latini
826 2054 910 2133 prius
926 2071 989 2115 non
1005 2062 1196 2131 agnoverant,
1219 2062 1405 2134 sequuntur3

231 2161 334 2216 contra
367 2152 524 2231 epistulam
558 2152 593 2213 ad
628 2151 777 2213 Hebraeos
810 2150 908 2214 Latini
942 2152 1080 2214 omnibus
1107 2152 1292 2232 temporibus
1322 2161 1404 2214 entra

231 2268 391 2314 numerum
414 2251 459 2311 vel
482 2250 514 2311 in
536 2250 595 2311 line
618 2250 812 2331 epistularum
837 2251 866 2312 S.
884 2251 966 2313 Pauli
990 2259 1165 2331 posuerunt.
1196 2252 1318 2313 Ceterae
1339 2252 1404 2331 epi-

231 2351 325 2413 stulae
347 2366 423 2429 quac
451 2356 594 2428 putantur
617 2348 645 2411 S.
671 2348 754 2411 Pauli
785 2366 879 2411 unum
910 2350 1101 2430 eundemque
1131 2350 1268 2411 ordinem
1294 2350 1405 2412 babent

230 2457 346 2530 praeter
376 2447 531 2529 epistulam
571 2447 608 2509 ad
641 2448 833 2511 Colossenses
873 2456 903 2509 et
939 2449 1012 2510 duas
1046 2449 1081 2510 ad
1116 2448 1404 2523 Thessalonicenses,

230 2566 355 2630 quarum
382 2547 472 2608 modo
503 2546 549 2609 illa
579 2546 667 2607 modo
691 2547 746 2609 hae
775 2548 908 2627 priorem
939 2548 1038 2609 locum
1066 2547 1211 2611 obtinent.
1267 2548 1404 2610 Ceterum

231 2648 415 2728 singularum
438 2645 513 2706 Novi
536 2645 719 2707 Testamenti
742 2647 871 2726 partium
894 2646 967 2708 ordo
990 2646 1118 2709 inlibris
1135 2664 1253 2727 semper
1275 2655 1407 2711 mutatur

229 2746 318 2827 idque
341 2744 557 2807 consuetudine
581 2753 750 2824 temporum
772 2755 802 2807 et
823 2746 967 2809 locorum.

315 2844 387 2906 lnde
410 2863 425 2905 a
449 2842 526 2905 Xlll.
549 2843 666 2905 saeculo
689 2844 756 2905 libri
778 2844 814 2905 N.
838 2844 872 2906 T.
895 2846 953 2907 hoc
975 2843 1079 2907 ordine
1101 2845 1255 2923 leguntur:

373 2942 528 3019 Evangelia
577 2941 720 3022 epistulae
751 2943 782 3005 S.
806 2943 889 3005 Pauli
931 2954 995 3007 aete
1022 2944 1224 3025 apostolorum
1264 2943 1406 3025 epistulae

298 3078 300 3083 ·
375 3040 536 3105 canonicae
569 3041 760 3123 apocalypsis.
807 3106 809 3111 s

314 3140 472 3203 Codicibus
494 3159 518 3201 s.
541 3139 576 3201 X.
602 3142 755 3221 usquead
778 3140 838 3203 llll.
862 3141 959 3204 lorma
982 3140 1108 3203 maxima
1132 3140 1257 3222 oblonga
1280 3142 1311 3204 iu
1326 3142 1405 3205 ltalia

233 3240 350 3321 scriptis
375 3240 423 3302 bic
445 3240 518 3302 ordo
541 3239 686 3302 librorum
710 3240 878 3303 communis
900 3248 959 3303 est:

373 3339 483 3418 Evang.
517 3347 581 3401 acta
609 3348 702 3421 apost.
755 3339 899 3421 epistulae
933 3358 1040 3402 canon.
1089 3340 1269 3421 apocalypsis
1319 3341 1404 3421 epist.

376 3441 402 3501 S.
427 3438 519 3501 Pauli.

316 3538 437 3599 Codices
476 3537 508 3598 in
543 3535 633 3599 Gallia
672 3535 709 3598 ab
739 3536 827 3599 initio
859 3558 883 3599 s.
913 3537 960 3599 lll.
992 3556 1088 3618 usque
1120 3537 1155 3598 ad
1184 3557 1209 3599 s.
1232 3536 1266 3598 X.
1291 3536 1404 3616 scripti,

230 3637 280 3717 qui
304 3637 339 3698 ad
363 3635 566 3698 recensionem
591 3634 707 3698 Alcuini
729 3635 867 3708 redeunt,
890 3636 969 3699 bunc
990 3636 1099 3698 babent
1121 3636 1276 3699 ordinem:

372 3734 482 3813 Evang.
517 3741 579 3797 acta
602 3742 696 3816 apost.
739 3735 882 3816 epistulae
903 3753 1008 3798 canon.
1053 3736 1139 3816 epist.
1162 3737 1192 3799 S.
1215 3735 1298 3798 Pauli
1331 3754 1403 3816 apo-

372 3832 507 3914 calypsis.

315 3932 437 3995 Codices
467 3933 498 3993 in
530 3932 670 4014 Hispania
700 3934 804 3995 eodem
834 3942 969 4015 tempore
997 3933 1126 4015 scriptos
1152 3934 1236 3998 bunc
1268 3932 1403 3995 ordinem

111 4023 113 4026 ’
229 4031 386 4095 habuisse:

372 4130 480 4207 Evang.
504 4130 590 4211 epist.
613 4130 642 4192 S.
668 4131 750 4194 Pauli
778 4131 863 4213 epist.
886 4149 992 4195 canon.
1014 4140 1079 4194 acta
1104 4139 1198 4213 apost.
1221 4130 1403 4213 apocalypsis

230 4238 274 4290 est
296 4246 348 4291 cur
371 4236 520 4310 putemus.

315 4327 524 4407 Antiquiorum
547 4334 718 4409 temporum
743 4328 878 4391 codicum
901 4346 1046 4391 numerus
1081 4327 1179 4390 minor
1211 4327 1307 4389 adhuc
1329 4345 1402 4389 con-

228 4437 362 4489 servatus
389 4435 434 4489 est
461 4446 551 4507 qnam
578 4436 612 4489 ut
639 4428 676 4492 de
705 4428 811 4491 ordine
842 4427 986 4490 librorum
1014 4446 1104 4510 quem
1133 4427 1217 4507 sequi
1239 4426 1318 4489 soliti
1340 4426 1403 4489 sint

229 4524 338 4606 aliquid
362 4526 418 4587 dici
440 4526 543 4609 possit.
682 4538 684 4542 '
