3300 5109
305 1284 480 1345 Rectissime
503 1284 649 1363 Ziegierus
673 1285 715 1345 eis
738 1285 788 1363 qui
812 1302 901 1346 unam
926 1285 1016 1347 inisse
1033 1286 1181 1347 affirmant
1195 1294 1265 1348 ante
1284 1287 1391 1349 Hiero-

219 1403 340 1469 nymum
373 1400 522 1445 sacrarum
557 1382 768 1463 scripturarum
806 1385 969 1445 versionem
993 1383 1127 1446 Latinam
1162 1404 1249 1464 quam
1287 1395 1393 1448 vocant

220 1482 320 1543 itaiam
352 1481 506 1561 Augustini
531 1481 601 1542 illud
626 1481 726 1542 obicit:
763 1482 892 1543 ‘difficile
916 1493 961 1543 est
983 1483 1022 1544 ita
1039 1483 1172 1545 diversos
1196 1504 1211 1544 a
1239 1505 1272 1546 se
1298 1485 1391 1547 intor-

219 1589 317 1661 pretes
340 1580 411 1651 lieri,
441 1588 556 1642 utnon
581 1600 613 1641 se
642 1581 737 1660 aliqua
761 1580 909 1642 vicinitate
932 1582 1115 1661 contingant'
1125 1583 1158 1658 ¹).
1203 1584 1298 1663 Atque
1326 1604 1394 1665 per·

222 1679 321 1741 multis
355 1678 474 1758 quidem
500 1679 573 1741 locis
600 1680 686 1741 otiam
715 1700 764 1741 eas
793 1698 917 1759 quarum
943 1680 1084 1741 tectiones
1105 1682 1199 1743 varias
1229 1700 1283 1743 nos
1306 1683 1393 1744 modo

219 1778 430 1859 proposuimus
454 1777 607 1838 versiones
631 1797 663 1838 se
679 1778 860 1857 contingere
883 1786 1013 1858 apparet.

307 1876 569 1938 verisimillimum
589 1885 686 1938 tamen
704 1884 749 1938 est
772 1877 851 1956 quod
876 1877 1027 1938 codicibus
1043 1878 1180 1957 vulgatae
1203 1882 1312 1941 facturn
1329 1899 1395 1941 esse

221 1975 411 2053 cognovimus
434 1975 514 2035 idem
538 1974 594 2035 inm
619 1975 837 2055 antiquioribus
862 1975 1045 2037 versionibus
1069 1976 1219 2047 accidisse,
1255 1988 1287 2039 ut
1314 1980 1393 2043 inter

221 2094 252 2135 se
276 2078 482 2134 conferrentur
498 2084 527 2134 et
544 2074 741 2135 miscerentur
764 2082 854 2155 atque
877 2084 957 2135 certe
980 2085 1134 2155 postquam
1160 2076 1278 2154 Vulgata
1306 2077 1393 2139 iatius

221 2173 345 2233 diiiundi
369 2180 471 2251 coepta
494 2180 538 2232 est
562 2171 650 2233 buius
673 2174 848 2234 auctoritate
872 2174 1054 2251 antiquiores
1070 2174 1220 2235 versiones
1236 2185 1392 2255 corruptae

221 2280 292 2333 sunt
313 2272 334 2351 ).

306 2370 395 2431 Cuius
409 2368 451 2429 rei
468 2368 693 2448 antiquissimus
710 2370 919 2431 Ambrosiastri
936 2372 1027 2456 codex
1043 2371 1210 2433 Casinensis
1227 2372 1394 2451 exemptum

223 2476 276 2530 est.
322 2468 394 2528 Nam
420 2468 499 2529 bunc
522 2468 701 2547 descriptum
727 2488 792 2530 esse
815 2490 832 2529 e
854 2471 955 2531 codice
978 2471 1027 2550 qui
1051 2470 1184 2550 pluribus
1206 2469 1278 2531 locis
1302 2472 1395 2532 varias

222 2568 363 2629 lectiones
387 2566 546 2646 adscriptas
575 2567 709 2628 babuerit
738 2568 964 2631 existimantium
989 2579 1049 2641 est,
1078 2588 1146 2630 oum
1170 2567 1274 2629 babeat
1299 2570 1333 2640 ΙΙ,
1360 2571 1396 2629 10

221 2677 254 2727 ot
275 2669 391 2746 inopum
413 2684 549 2727 memores
572 2686 692 2728 essemus
712 2686 875 2747 pauperum
900 2668 946 2739 ΙΙΙ,
977 2669 1010 2728 tt
1038 2673 1070 2729 in
1097 2668 1154 2729 illis
1181 2671 1211 2727 in
1244 2671 1281 2727 eis
1304 2668 1349 2740 ΙΙΙ,
1374 2668 1393 2727 4
1490 2733 1492 2738 ,

222 2775 251 2826 ut
272 2766 324 2826 ubi
349 2776 443 2826 autent
487 2764 521 2837 ΙΙ,
548 2766 584 2825 14
607 2776 685 2827 rectu
709 2786 724 2826 e
746 2776 819 2827 recte
842 2786 858 2825 a
881 2766 974 2846 prima
1000 2776 1031 2826 ut
1055 2767 1171 2827 videtur
1195 2784 1283 2826 manu
1308 2767 1393 2827 resti-

224 2870 321 2923 tutum
347 2872 400 2937 est,
425 2871 457 2923 ut
480 2862 573 2923 scriba
596 2865 725 2941 primum
747 2875 822 2926 recte
845 2866 1045 2944 inpredr'mttur
1069 2866 1111 2925 vel
1126 2874 1200 2937 recte
1215 2865 1394 2926 stabularent

223 2959 353 3023 scribere
387 2961 512 3023 voluisse
548 2961 687 3022 videatur.
738 2963 857 3023 Accedit
891 2964 969 3042 quod
1005 2965 1025 3035 Ι,
1059 2962 1097 3023 18
1131 2981 1184 3041 pro
1217 2962 1300 3023 illum
1332 2983 1398 3025 eum

223 3062 369 3141 scriptum
403 3061 459 3121 fuit
488 3069 575 3139 atque
605 3069 633 3120 ot
656 3060 712 3121 boo
736 3070 882 3122 mutatum
906 3070 936 3121 et
959 3080 1034 3122 meos
1056 3062 1078 3131 Ι,
1103 3061 1142 3120 14
1164 3071 1193 3122 et
1214 3066 1245 3123 a'n
1266 3062 1324 3122 iilis
1347 3063 1396 3134 Hi,

227 3161 264 3220 12
299 3160 435 3221 damnata
471 3159 542 3219 mibi
567 3159 684 3237 quidem
709 3178 723 3220 a
748 3160 842 3239 prima
867 3179 956 3220 manu
981 3180 1046 3221 esse
1071 3160 1253 3221 videbantur.
1299 3163 1396 3238 Atque

223 3279 288 3321 oum
325 3268 354 3319 et
388 3259 434 3318 his
461 3258 532 3320 iocis
562 3259 650 3319 attera
679 3260 766 3320 lectio
790 3279 857 3320 cum
882 3259 1003 3336 Vulgata
1027 3269 1170 3337 congruat
1192 3268 1222 3320 et
1245 3259 1396 3338 plerisque

223 3359 283 3419 aliis
308 3358 379 3419 iocis
402 3358 467 3418 cod.
490 3358 551 3418 Cas.
576 3356 626 3417 ubi
649 3361 716 3417 cum
740 3357 882 3418 Maurinis
905 3359 1054 3437 discrepat
1077 3377 1143 3419 oum
1167 3358 1213 3417 iila
1238 3358 1395 3437 conspiret,

222 3457 353 3518 codicem
378 3456 458 3515 iilum
484 3456 560 3516 unde
584 3456 748 3535 descriptus
771 3456 810 3516 sit
832 3474 899 3516 oum
924 3476 1113 3537 quocumque
1136 3456 1235 3516 codice
1259 3457 1396 3533 Vulgatae

223 3556 359 3617 collatum
384 3554 475 3615 fuisse
498 3554 680 3614 crediderim.

309 3654 403 3714 Etiam
427 3652 561 3720 codicum
586 3652 755 3732 Hieronymi
779 3653 891 3713 scribae
914 3653 967 3714 alia
991 3674 1007 3714 e
1030 3653 1244 3714 consuetudine
1261 3653 1397 3730 Vulgatae

223 3752 378 3814 mutabant
401 3751 453 3812 alia
477 3770 512 3810 ex
535 3750 751 3830 antiquioribus
776 3752 962 3813 versionibus
985 3750 1202 3823 immiscebant,
1225 3753 1303 3812 vetut
1319 3752 1339 3823 Ι,
1357 3751 1396 3810 24

226 3873 241 3913 e
264 3870 330 3913 cum
355 3850 422 3910 CA
446 3850 478 3911 Vi
500 3850 730 3930 muqnificobont
755 3852 844 3911 ceteri
869 3868 973 3911 omnes
995 3849 1194 3930 plortficobont
1218 3850 1253 3923 ΙΙ,
1276 3850 1295 3909 4
1319 3868 1397 3909 unus

224 3952 331 4012 doum
362 3948 441 4010 AVi
464 3949 700 4011 srvbintrcuerunt
724 3950 767 4023 Vi,
794 3950 832 4010 16
862 3950 919 4009 ab
946 3959 1089 4011 sectantur
1105 3949 1185 4009 :C
1208 3949 1239 4009 Vi
1271 3966 1325 4009 ce
1350 3967 1396 4008 se-

224 4060 352 4131 quuntur
374 4048 404 4125 (d
428 4048 576 4127 secuntur)
597 4076 640 4100 =
662 4050 694 4109 A.
740 4050 775 4119 ΙΙ,
799 4046 840 4108 20
864 4068 938 4128 quae
962 4066 1065 4109 omnes
1088 4048 1118 4109 ΙΙ.
1142 4066 1213 4108 mss.
1236 4046 1347 4108 babent
1368 4052 1398 4107 in

223 4149 281 4228 [ide
302 4154 371 4211 uitro
393 4148 449 4227 fito·
471 4146 563 4209 dotet
584 4148 688 4221 ebriati,
713 4147 772 4209 sive
795 4149 993 4226 Hieronymus
1016 4147 1080 4227 ipse
1111 4146 1152 4207 sio
1184 4146 1301 4224 scripsit
1335 4146 1395 4205 sive

292 4342 312 4402 ¹)
330 4341 446 4407 Ziegler,
476 4343 520 4391 Die
538 4343 705 4394 lateiniscben
726 4342 1000 4404 Bibeliibersctzungen
1023 4358 1071 4392 vor
1089 4342 1259 4407 Hieronymus
1287 4342 1336 4389 und
1355 4339 1396 4390 die

225 4422 287 4473 itala
307 4424 351 4473 des
371 4424 535 4487 Augustinus.
574 4425 694 4475 Miincben
716 4425 781 4474 1879
801 4442 822 4490 p.
845 4424 900 4473 129.

293 4504 311 4564 2Ι
331 4503 367 4554 ΙΙΙ,
388 4506 500 4566 Ziegier‚
519 4507 579 4555 ibid.
601 4522 622 4571 p.
642 4508 670 4555 tt
693 4515 719 4555 et
740 4506 795 4555 130.

1201 4588 1237 4641 4*
1325 4631 1329 4636 .
