3300 5109
742 390 963 452 -44..

266 571 362 632 donec
383 568 498 630 ueniret
520 584 624 627 semen
647 567 693 628 cui
717 566 904 655 promiserat,
928 566 1063 629 ordinata
1086 586 1140 648 per
1161 568 1280 647 angelos
1296 568 1326 629 in
1342 587 1434 631 mauu

262 668 441 730 mediatoris.
488 667 528 727 20
551 664 697 727 mediator
720 676 819 728 autent
844 666 933 728 unius
954 680 1016 727 non
1041 674 1095 741 est,
1130 666 1202 727 deus
1231 673 1331 727 autem
1356 687 1434 730 unus

262 777 316 828 est.
361 766 399 827 21
425 766 470 828 lex
493 783 563 845 ergo
586 764 731 827 aduersus
753 765 898 846 promissa
922 761 994 826 dci?
1016 764 1102 826 absit.
1124 765 1149 826 si
1171 764 1250 826 enirn
1272 765 1338 827 data
1356 774 1435 828 esset

261 868 307 927 lex
329 883 404 945 quae
426 873 529 944 posset
552 862 703 925 uiuificare
725 882 796 926 uere
819 866 940 945 exlege
963 872 1042 925 esset
1063 863 1183 926 iustitia.
1223 862 1264 924 22
1287 866 1337 927 sed
1361 884 1434 926 con·

236 964 347 1027 aciusit
377 962 521 1044 scriptura
545 961 645 1024 omnia
679 963 734 1024 sub
766 971 896 1044 peccato,
930 971 963 1024 ut
996 962 1155 1042 promissio
1190 983 1226 1023 ex
1259 963 1316 1024 tide
1348 963 1433 1027 ihesu

262 1062 363 1127 christi
397 1064 517 1125 daretur
550 1060 747 1124 credentibus.
793 1061 833 1123 23
862 1061 943 1142 prius
973 1067 1073 1123 autern
1098 1080 1186 1140 quam
1217 1061 1334 1124 ueniret
1362 1063 1433 1124 ddes

262 1162 317 1224 sub
339 1162 402 1241 iege
425 1160 668 1223 custodiebamur
690 1161 821 1223 conclusi
844 1161 875 1221 iu
891 1178 957 1222 cam
972 1160 1071 1233 fidem,
1095 1178 1170 1239 quae
1186 1161 1344 1222 reuelauda
1362 1171 1432 1231 erat,

262 1262 303 1321 24
325 1262 425 1343 itaque
447 1260 493 1322 lex
515 1260 684 1340 pedagogus
708 1267 811 1321 noster
834 1259 891 1320 tuit
912 1259 943 1319 in
974 1258 1094 1331 christo,
1129 1266 1162 1319 ut
1195 1277 1232 1320 ex
1260 1259 1316 1321 fide
1348 1260 1434 1321 iusti·

261 1361 394 1423 ficemur.
441 1360 480 1421 25
515 1367 544 1421 at
574 1358 624 1420 nbi
654 1358 736 1421 uenit
765 1358 847 1430 fides,
881 1359 938 1420 iarn
969 1375 1031 1419 non
1060 1376 1166 1419 sumus
1194 1356 1250 1419 sub
1272 1359 1433 1439 pedagogo.

220 1459 302 1521 1026
327 1476 431 1521 omncs
456 1458 532 1521 enirn
557 1458 608 1519 filii
632 1457 679 1519 dei
702 1458 772 1520 estis
795 1476 848 1537 per
871 1457 959 1519 fidem
983 1456 1014 1519 in
1036 1457 1148 1518 cbristo
1172 1456 1265 1519 ihesu.
1303 1459 1344 1519 27
1366 1460 1433 1539 qui-

261 1577 389 1639 cumque
414 1558 492 1619 euim
518 1557 553 1618 in·
572 1557 681 1619 cbristo
705 1556 846 1639 baptizati
868 1557 949 1636 estis,
972 1556 1117 1618 christum
1133 1555 1279 1618 induistis.
1315 1556 1355 1618 28
1372 1575 1432 1619 non

261 1669 306 1719 est
328 1657 447 1719 iudaeus
471 1672 570 1736 neque
593 1674 725 1735 graecus,
760 1673 820 1717 non
850 1664 895 1717 est
924 1674 1030 1717 seruus
1059 1673 1155 1737 neque
1182 1655 1263 1729 liber,
1298 1675 1359 1718 non
1388 1664 1433 1718 est

262 1757 410 1818 masculus
439 1773 537 1837 neque
566 1754 692 1828 temina3
727 1773 832 1817 omnes
863 1754 942 1816 enim
972 1774 1027 1817 uos
1055 1773 1148 1818 unum
1172 1756 1243 1819 estis
1266 1756 1296 1817 in
1321 1756 1432 1817 cbristo

260 1857 353 1918 ihesu.
398 1853 438 1916 29
461 1856 486 1917 si
515 1862 613 1917 autem
637 1873 691 1916 uos
715 1854 825 1928 christi,
861 1872 931 1935 ergo
954 1854 1079 1917 abrahae
1101 1874 1205 1917 semen
1228 1856 1299 1918 estis
1322 1873 1432 1917 secun-

219 1952 332 2018 ¹⁵dum
356 1953 586 2035 promissionem
609 1954 742 2016 heredes.

346 2054 392 2115 lv.
420 2054 434 2113 1
460 2053 530 2115 bico
553 2060 667 2115 autent:
702 2061 814 2133 quanto
837 2060 972 2134 ternpore
994 2054 1080 2115 heres
1103 2055 1245 2134 paruulus
1272 2062 1327 2128 est,
1360 2054 1432 2117 nihil

260 2153 390 2215 differta
413 2170 510 2227 seruo,
536 2170 602 2214 curn
626 2152 666 2214 sit
688 2152 828 2215 dominus
850 2153 996 2227 omnium,
1018 2152 1039 2213 2
1063 2154 1113 2215 sed
1138 2153 1193 2215 sub
1215 2153 1365 2217 tutoribus
1387 2163 1433 2215 est

261 2261 291 2315 et
313 2252 462 2314 actoribus
488 2270 582 2332 usque
607 2252 641 2314 ad
665 2252 855 2333 praefinitum
879 2259 999 2332 tempus
1022 2272 1038 2314 a
1061 2262 1152 2333 patre.
1199 2252 1217 2312 3
1253 2253 1293 2315 ita
1321 2262 1350 2315 ct
1378 2271 1432 2315 nos

260 2370 327 2414 cum
351 2369 484 2413 essemus
508 2352 622 2432 paruuli
647 2351 701 2413 sub
725 2350 879 2413 elementis
910 2351 1016 2413 mundi
1043 2370 1162 2414 eramus
1196 2352 1378 2427 seruientes3
1412 2354 1431 2413 4

217 2450 249 2501 20
260 2460 290 2512 at
313 2448 362 2511 ubi
386 2450 468 2511 uenit
491 2450 644 2531 plenitudo
669 2449 821 2530 temporis,
846 2449 929 2512 misit
951 2451 1025 2512 deus
1048 2451 1139 2513 fitium
1162 2469 1249 2513 suurn
1266 2454 1374 2513 factum
1397 2470 1431 2513 er

261 2549 383 2612 muliere
405 2550 515 2611 factum
538 2548 594 2611 sub
617 2549 690 2628 lege,
721 2549 743 2607 5
773 2556 805 2610 ut
828 2568 880 2610 eos
904 2548 954 2628 qui
978 2549 1121 2627 sublege
1149 2559 1234 2611 erant
1261 2550 1431 2623 redimeret,

262 2690 451 2700 -—--—..-·.-...-
466 2692 472 2697 .

330 2762 340 2811 1
362 2761 441 2811 doucc
462 2759 573 2821 ueniret]
597 2758 757 2824 quoadusque
784 2759 872 2811 ueniat
895 2758 913 2810 C
975 2759 1156 2826 repromissum
1183 2766 1239 2810 erat
1258 2758 1337 2809 Hab
1359 2756 1430 2825 (pro-

259 2842 363 2895 missum
393 2849 450 2893 erat
470 2841 581 2904 Hodoi
604 2840 776 2907 repromissus
800 2848 840 2892 εει
862 2839 881 2891 (1
909 2840 1060 2908 promissum
1090 2848 1130 2892 εει
1152 2840 1228 2905 A[Vi]
1304 2840 1430 2903 ordinata]

259 2925 386 2992 disposita
411 2924 488 2988 hivi]
517 2923 665 2990 dispositum
686 2920 704 2972 C
766 2924 781 2973 2
809 2923 871 2974 dens
895 2938 956 2974 uero
982 2925 1026 2973 Am
1061 2923 1076 2973 3
1104 2924 1175 2987 ergo]
1193 2923 1276 2987 igitur
1297 2923 1320 2972 A
1389 2922 1429 2972 dci

259 3022 308 3057 orn.
328 3006 398 3070 qvi]
442 3006 533 3057 ειεεῖεε
552 3006 575 3057 si
592 3006 638 3056 Am
689 3006 767 3069 essct]
795 3004 873 3057 εει(
926 3008 1032 3067 duero]
1050 3005 1216 3071 procurtoc
1251 3012 1321 3055 osset
1337 3020 1387 3055 om·
1409 3004 1428 3055 G

235 3089 275 3139 ,6
302 3087 475 3149 credentibus]
503 3087 541 3139 eis
568 3088 611 3153 qui
631 3088 739 3137 credunt
766 3087 785 3137 C
853 3092 947 3149 auteur]
965 3088 1031 3138 enirn
1051 3088 1076 3138 Α
1145 3088 1160 3137 ‘i
1187 3087 1249 3149 cam]
1276 3086 1379 3137 candem
1406 3086 1429 3135 Α

259 3169 396 3221 recedenda
423 3171 488 3232 oret]
512 3176 600 3235 posteo
623 3169 787 3231 retegebatur
814 3169 834 3221 C
860 3170 999 3235 incipiebat
1021 3168 1134 3221 reuelari
1157 3170 1181 3218 Α
1208 3167 1296 3219 futuru
1320 3176 1378 3219 crat
1400 3174 1430 3217 ut

258 3252 420 3303 recoleretur
432 3250 466 3303 Vi
538 3250 597 3301 diu
617 3250 713 3301 cbristo
732 3250 860 3303 ibasuflh
878 3251 903 3300 iu
923 3251 1047 3301 christum
1065 3250 1194 3301 ihcsuurC
1273 3249 1430 3302 iustificare·

258 3348 313 3383 mur
330 3331 376 3382 Aa
411 3333 472 3383 9at
489 3331 533 3383 ubi
560 3332 633 3383 uouit
650 3331 721 3397 tides]
750 3332 867 3384 ueniente
894 3332 1038 3384 automddo
1056 3331 1133 3383 CAVi
1177 3331 1226 3381 iam
1255 3331 1345 3383 εοεΗ
1381 3331 1427 3382 sub

259 3415 404 3482 paedagogo
424 3429 510 3465 sumus
528 3412 628 3465 chvi
665 3416 697 3467 10
715 3415 778 3466 ostis
793 3414 842 3465 dlii
854 3414 896 3465 dci
910 3414 944 3466 Vi
980 3429 1025 3482 par
1042 3415 1116 3466 tidem
1133 3429 1197 3481 quac
1216 3422 1256 3465 εει
1273 3413 1318 3466 ΗΑ
1336 3412 1428 3464 iideVi

258 3498 404 3563 quicumque
428 3496 504 3561 enirn]
528 3504 652 3563 quotquot
675 3497 742 3547 enirn
766 3497 789 3548 Α
813 3512 870 3547 nam
893 3497 1041 3563 quicumque
1060 3497 1093 3550 Vi
1166 3496 1196 3547 12
1215 3496 1291 3547 aiter.
1316 3504 1357 3547 εει
1380 3511 1428 3546 om.

260 3579 293 3631 Vi
331 3580 362 3631 13
381 3582 471 3644 nequo]
490 3580 553 3631 ctC
601 3581 632 3631 14
650 3580 672 3631 si
690 3587 773 3631 auteur
791 3595 839 3630 uos
856 3595 931 3629 uuum
952 3580 1015 3631 catis
1035 3579 1061 3631 iu
1080 3578 1178 3630 christo
1197 3579 1270 3629 ihesu
1289 3578 1308 3629 C
1326 3578 1349 3629 si
1367 3592 1429 3641 crgo

259 3661 350 3726 (igitur
368 3661 424 3725 ΑΒ)
441 3676 488 3711 εοε
507 3678 593 3713 omues
611 3677 687 3712 uuum
710 3662 774 3713 estis
801 3663 825 3711 in
854 3661 950 3711 christo
975 3662 1091 3712 ihcsnti
1146 3661 1177 3711 16
1195 3667 1288 3727 quanto
1307 3660 1428 3726 tempore]

258 3742 375 3808 quamdiu
394 3742 448 3793 CVi
467 3743 531 3809 quod
546 3744 661 3809 quamdiu
679 3744 702 3793 Α
757 3750 798 3793 est
816 3758 865 3793 om.
885 3745 919 3793 Αο
985 3744 1014 3796 rt
1026 3743 1142 3793 dominus
1163 3743 1271 3793 oanuiurn
1294 3742 1330 3793 sit
1348 3743 1366 3791 C
1383 3741 1428 3791 do-

259 3825 340 3875 minus
361 3824 397 3874 sit
416 3825 526 3875 omnium
544 3824 578 3876 Vi
648 3824 693 3875 sub
720 3831 842 3875 curatore
869 3832 909 3875 εει
935 3833 961 3875 ει
987 3832 1089 3876 actores
1116 3825 1199 3875 Csub
1223 3824 1386 3875 curatoribus
1404 3831 1431 3872 ct

258 3906 388 3957 actoribus
411 3915 452 3958 cst
471 3908 494 3957 Α
512 3909 557 3957 sub
576 3906 738 3958 curatoribus
757 3914 798 3956 cst
822 3913 849 3955 ει
866 3906 998 3957 actoribus
1018 3904 1050 3956 Vi
1104 3906 1134 3956 18
1153 3907 1194 3968 ad]
1212 3906 1237 3955 iu
1257 3906 1290 3958 Vi
1331 3913 1429 3971 tempus

259 3986 338 4038 orruC
374 3988 500 4049 ita]sicC
549 3988 579 4038 19
597 3988 673 4037 buius
691 3988 887 4038 mundincnvi
923 3988 1077 4049 seruientes]
1095 3988 1237 4038 subiectiA
1281 3987 1313 4036 20
1331 3994 1359 4037 at
1376 3987 1429 4047 ubi]

258 4077 388 4135 postquam
406 4084 467 4119 uero
486 4069 505 4121 C
524 4085 579 4120 curu
597 4077 681 4121 autem
699 4070 732 4121 Vi
750 4077 777 4120 at
789 4069 832 4119 ubi
845 4076 929 4121 autam
940 4069 975 4120 Α0
1018 4076 1155 4134 temporum
1174 4069 1193 4119 C
1251 4067 1354 4130 facturn]
1374 4067 1429 4118 edi-

258 4158 313 4200 tum
332 4150 366 4202 Vi
408 4150 439 4201 21
458 4151 575 4214 muliere]
594 4149 686 4203 fomiua
705 4150 746 4202 Vi.

325 4286 342 4335 4
359 4284 389 4338 ἐκ
405 4276 493 4353 νόμου
511 4278 546 4350 ἦν
564 4280 606 4347 ἄν]
625 4280 658 4352 ἦν
677 4281 712 4339 ἄν
730 4304 778 4338 om.
799 4286 822 4338 G
858 4288 872 4338 8
890 4289 929 4343 εις
942 4280 1067 4354 χριστόν]
1085 4286 1124 4343 εις
1135 4282 1254 4355 χριστὸν
1271 4286 1367 4349 resono
1385 4285 1430 4337 DG

259 4366 289 4417 13
309 4360 401 4434 ἄρσεν]
421 4361 545 4437 ἅρσησίῖ
574 4362 650 4435 ὑμεῖς
669 4360 704 4429 εἷς
717 4368 786 4433 ἐστι]
805 4365 885 4438 ὑμεῖς
895 4367 925 4421 ἓν
942 4365 1035 4421 dorsi}
1074 4369 1103 4419 14
1121 4368 1146 4419 si
1164 4366 1192 4420 dt
1210 4363 1288 4434 ὑμεῖς
1303 4366 1429 4436 χριστοῦ]

257 4452 281 4499 εἰ
298 4448 327 4501 dt
344 4444 420 4515 ὑμεῖς
432 4440 469 4505 εἷς
486 4448 545 4502 ἐστι
557 4449 586 4504 ἐν
593 4452 700 4519 χριστῷ
718 4452 798 4515 ιησοῦ
817 4452 837 4501 D
855 4454 879 4503 εὶ
897 4451 926 4503 δὲ
944 4448 1021 4516 ὑμεῖς
1036 4447 1138 4507 πάντες
1156 4448 1186 4502 ἓν
1203 4449 1263 4501 ἔστι
1280 4450 1310 4503 ἐν
1323 4450 1430 4521 χριστῷ

259 4530 361 4596 ῖησοῦθ
399 4532 428 4584 15
447 4526 619 4603 κληρονόμοι]
632 4535 677 4583 καὶ
688 4531 853 4603 κληρονόμοι
864 4532 933 4585 (irin
970 4535 1001 4587 16
1020 4534 1088 4600 λέγω
1101 4532 1142 4597 δέ]
1155 4530 1262 4600 λέγωδὲ
1275 4527 1428 4601 ἄδειφοίθ
