3300 5109
757 365 982 427 -14-

366 541 388 603 Ι.
411 540 490 605 Petr.
512 541 559 621 lv,
583 539 622 602 12
645 559 831 623 erpoueseerc
851 543 999 622 feruorem
1013 563 1032 602 e
1060 559 1248 622 cnpuuesrere
1275 546 1307 604 ta
1333 543 1453 623 [cruore

281 641 340 703 cd
363 644 546 721 porcqn'auri
568 643 600 705 sir
626 641 745 721 [more
767 640 814 702 ΑΡ
836 640 885 713 lv,
908 643 926 702 7
949 651 976 704 et
1005 641 1095 703 rolris·
1120 645 1152 703 ta
1181 641 1358 705 oratiombus
1380 665 1399 704 κ
1427 653 1454 704 et

282 740 371 803 seddi
393 744 425 802 trs
447 740 621 803 orationibus
653 741 804 820 utpilantea
825 762 844 800 τ
875 740 967 803 sobrii
986 750 1013 803 et
1033 739 1185 819 triplicatos
1213 744 1245 802 ta
1276 742 1453 803 orationibus

283 840 311 901 θ
332 850 359 903 et
379 840 496 919 ulqs‘lute
515 844 548 902 ta
569 839 746 901 mationibus
771 839 830 899 illl.

368 939 407 1001 Ut
428 938 474 1001 his
497 938 568 1001 locis
590 939 621 1001 in
644 961 662 1000 τ
685 945 717 1000 et
738 939 766 1000 θ
789 938 909 1018 antiqua
933 938 1042 1018 vulgari
1070 938 1198 1000 lectione
1231 948 1369 1019 corrupta
1398 947 1453 1011 est,

284 1038 325 1100 ita
347 1038 376 1099 d
397 1037 516 1119 saepius
539 1038 689 1118 antiquam
714 1056 783 1099 cum
806 1036 916 1126 vulgari
943 1037 1069 1100 lectione
1096 1037 1216 1099 mistam
1245 1037 1334 1100 habet
1361 1038 1455 1099 velut:

285 1138 297 1198 Ι
320 1136 398 1198 Petr.
421 1136 470 1211 ΙΙΙ,
495 1136 533 1197 15
558 1138 592 1199 de
619 1136 675 1217 fide
695 1145 723 1198 et
743 1154 790 1217 spe
818 1155 890 1218 quoe
916 1140 948 1197 r'o
968 1137 1049 1197 sold
1070 1146 1112 1197 est
1131 1158 1178 1197 κτ
1211 1136 1311 1199 deco
1332 1155 1404 1218 quae
1424 1140 1457 1198 in

282 1236 364 1298 uella
389 1246 430 1298 est
457 1237 552 1315 spel
581 1236 614 1297 de
640 1236 696 1316 fide
724 1254 796 1316 quoe
819 1238 856 1297 ia
879 1234 959 1297 uolt
979 1245 1022 1298 cst
1051 1246 1078 1296 et
1103 1254 1151 1315 spe
1172 1235 1262 1309 θΙΙΙ,
1287 1236 1326 1296 17
1349 1245 1457 1315 tempm

283 1337 474 1415 obpuoutiom's
499 1335 671 1397 iudicitur
704 1344 812 1415 tempus
839 1345 870 1395 ut
897 1337 1014 1414 mbptot
1045 1334 1183 1396 iudicium
1214 1339 1235 1393 Α
1263 1344 1374 1414 tempus
1406 1337 1452 1395 irs-

285 1437 420 1497 cootiom’a
442 1432 580 1497 bedleem
602 1434 641 1495 d.

373 1532 606 1595 decentissimus
621 1533 729 1594 horum
745 1531 879 1595 codicum
894 1530 913 1592 c
927 1538 981 1603 est,
1002 1531 1053 1611 qui
1068 1531 1145 1593 cirea
1160 1531 1291 1594 medium
1307 1532 1458 1594 sacculum

287 1630 323 1693 X.
357 1618 474 1693 ridetur
509 1632 637 1713 scriptus
671 1650 745 1693 esse.
789 1632 869 1693 lueet
897 1630 976 1691 enim
999 1630 1031 1692 in
1055 1650 1090 1693 eo
1113 1629 1293 1711 subscriptio
1314 1630 1459 1692 lobannis

287 1729 417 1810 episcopi
441 1729 640 1793 Cordubensis
650 1730 683 1809 ¹),
705 1729 758 1810 qui
780 1748 849 1792 eum
880 1729 1069 1791 aServando
1092 1728 1176 1791 divae
1205 1729 1367 1791 memoriae
1396 1729 1459 1790 eius

287 1836 409 1891 auctore
433 1838 462 1891 et
484 1848 654 1911 possessore
676 1828 768 1891 sodali
791 1829 958 1908 intimoque
980 1847 1035 1890 suo
1058 1848 1090 1890 se
1111 1828 1259 1908 accepisse
1278 1836 1366 1908 atque
1381 1844 1459 1889 anno

287 1926 582 1991 buccuuxxxvlll.
612 1929 751 1991 ecclesiae
784 1928 950 2008 Hispalensi
979 1929 1059 1990 dono
1082 1927 1199 1990 dedisse
1222 1928 1301 1990 dicit.
1345 1929 1460 2005 Negant

255 2042 257 2046 ’
281 2026 386 2088 -Ewald
417 2018 573 2089 et'.Loewe
594 2028 761 2089 lobannem
784 2046 886 2089 verum
918 2027 1027 2093 dixisse
1055 2035 1085 2089 et
1108 2026 1278 2089 ‘auctorem’
1301 2026 1460 2107 significari

289 2143 357 2187 eum
374 2145 433 2206 quo
449 2126 646 2208 antiquiorem
664 2146 689 2189 a.
706 2124 767 2189 988
784 2126 961 2189 nominatim
978 2127 1084 2189 afferre
1101 2144 1161 2188 non
1177 2126 1330 2206 potuerint
1346 2133 1459 2207 putant.

290 2223 347 2285 Sed
382 2224 440 2287 nisi
463 2226 614 2288 lohannes
641 2234 723 2288 certo
746 2225 883 2288 scivisset
905 2226 1090 2288 Servandum
1113 2224 1245 2287 codicem
1268 2225 1460 2287 scribendum

290 2324 448 2397 curavisse,
473 2343 531 2405 qua
554 2345 587 2387 re
609 2324 754 2388 adductus
777 2326 816 2387 sit
840 2333 873 2387 ut
895 2324 952 2387 hoc
967 2325 1127 2387 allirmaret
1142 2344 1196 2403 ego
1212 2324 1332 2405 quidem
1349 2324 1459 2387 nescio.

171 2442 177 2449 ·
280 2424 387 2502 ⁴dtque
421 2424 509 2485 etiam
533 2424 587 2487 alia
609 2424 761 2504 spondent
783 2424 917 2487 codicem
940 2424 1118 2486 Tolosanum
1140 2424 1218 2485 haud
1243 2423 1331 2504 paulo
1353 2442 1458 2485 recen-

281 2521 398 2583 tiorem
420 2522 543 2584 Cavemi
559 2542 639 2585 csse.
671 2523 744 2586 Nam
767 2542 786 2581 κ
809 2524 904 2587 multo
927 2524 1049 2603 propius
1070 2541 1160 2603 quam
1175 2546 1193 2584 r
1209 2524 1244 2584 ad
1268 2541 1458 2585 communem
1517 2566 1520 2570 -

291 2619 434 2699 originem
469 2622 591 2684 accedit.
635 2622 677 2685 lta
699 2644 718 2683 τ
744 2622 878 2684 scholion
911 2622 1061 2701 quoddam
1095 2623 1126 2684 in
1154 2621 1176 2682 Ι.
1200 2622 1359 2702 epistulam
1382 2622 1460 2683 Petri

291 2720 370 2799 quod
393 2728 438 2783 est
459 2720 490 2783 in
514 2721 645 2801 margine
668 2721 777 2784 codicis
800 2744 819 2784 κ
843 2740 911 2784 oum
935 2720 1032 2783 verbis
1056 2721 1201 2801 epistulae
1223 2721 1415 2783 commistum
1431 2727 1461 2781 et

291 2837 344 2899 per
366 2826 480 2881 ceteros
503 2820 595 2882 libros
617 2818 688 2883 alios
710 2822 790 2883 locos
814 2820 898 2884 aliter
919 2820 1114 2901 interpolatos
1135 2819 1233 2895 babet,
1256 2839 1333 2900 quos
1356 2841 1374 2880 κ
1396 2820 1461 2882 sine

168 3008 170 3012 ,
291 2918 408 2979 mendis
430 2918 557 2981 exhibet.

375 3011 532 3080 issaeculo
555 3018 627 3080 lllll.
651 3018 781 3099 scriptus
814 3037 880 3081 esse
913 3019 1022 3081 dieitur
1056 3025 1086 3079 et
1118 3017 1263 3097 exemplis
1296 3017 1461 3097 scripturae

291 3114 465 3194 Visigoticae
486 3115 523 3177 ab
544 3116 642 3179 llwald
665 3124 695 3179 et
715 3116 820 3179 Loewe
842 3118 929 3179 editis
951 3117 1128 3198 comparatis
1152 3116 1225 3179 mihi
1247 3135 1368 3197 qnoque
1391 3136 1460 3196 per-

292 3232 412 3275 suasum
445 3225 500 3278 est.
544 3215 659 3277 Codicis
694 3216 848 3278 cuiusdam
877 3216 984 3278 saeculi
1006 3216 1078 3277 lllll.
1102 3215 1247 3295 scriptura
1280 3215 1377 3276 tabula
1403 3215 1460 3276 Vll.

291 3330 427 3392 expressa
443 3312 587 3393 ‘inprimis
610 3314 749 3376 Caucasis
772 3314 878 3376 similis
901 3322 956 3387 est,
979 3314 1113 3395 quamvis
1135 3314 1184 3375 ille
1206 3314 1324 3376 minore
1347 3323 1410 3375 arte
1433 3322 1464 3373 ot

291 3411 499 3489 grandioribus
521 3412 775 3493 crassioribusque
798 3413 904 3475 litteris
928 3421 1063 3476 exaratus
1085 3413 1133 3475 sit.
1175 3413 1279 3494 Neque
1301 3413 1463 3492 scripturae

293 3518 322 3573 et
345 3512 478 3573 cursivae
511 3519 541 3573 et
570 3512 692 3575 uncialis
716 3512 837 3591 vestigia
867 3530 941 3593 quae
968 3513 1001 3573 in
1022 3513 1072 3574 illo
1095 3512 1193 3573 inesse
1216 3512 1347 3573 editores
1369 3512 1464 3572 adno-

293 3618 431 3672 taverunt
453 3609 493 3684 (v.
510 3630 537 3690 p.
555 3609 587 3691 6)
609 3611 641 3672 in
664 3610 787 3674 Cavensi
803 3612 926 3687 desunt3
960 3628 1030 3673 nam
1054 3618 1084 3673 et
1105 3629 1124 3671 o
1146 3610 1291 3673 cursiram
1314 3620 1383 3671 etr
1405 3628 1465 3671 un-

294 3708 396 3771 cialem
419 3710 539 3790 saepius
562 3710 766 3772 animadverti.
791 3745 832 3752 -—
855 3710 956 3771 Variae
978 3710 1120 3771 lectiones
1142 3709 1176 3770 in
1199 3709 1330 3788 margine
1356 3708 1465 3770 codicis

293 3829 312 3869 κ
334 3806 470 3888 inprimis
492 3807 523 3869 in
547 3826 598 3870 eos
621 3809 723 3881 libros,
756 3808 806 3889 qui
828 3826 897 3870 cum
919 3809 1029 3887 vulgari
1051 3816 1134 3872 textu
1164 3809 1257 3887 magis
1285 3803 1465 3887 discrepant,

294 3906 410 3969 additae
438 3914 524 3982 sunt3
559 3915 712 3986 practerea
738 3908 947 3970 adnotationes
976 3908 1120 3988 quaedam
1142 3907 1216 3969 varii
1246 3906 1412 3985 argumenti
1436 3913 1466 3967 et

294 4007 328 4067 ad
352 4006 492 4067 Arrianae
514 4006 732 4086 impugnandos
755 4006 945 4087 potissimum
968 4006 1141 4088 scriptae2).

378 4104 481 4167 Plures
504 4106 591 4167 buius
614 4106 730 4185 generis
753 4106 871 4168 codices
894 4107 965 4168 olim
988 4106 1080 4168 luisse
1101 4113 1131 4167 et
1144 4104 1270 4167 fortasse
1295 4104 1467 4165 etiamnunc

294 4200 409 4268 exstare
430 4198 446 4265 e
466 4205 579 4267 ratione
601 4223 676 4285 quae
698 4206 778 4268 inter
799 4205 854 4267 hos
877 4204 1034 4266 intercedit
1056 4204 1233 4265 coniecerim
1256 4212 1285 4264 et
1300 4226 1318 4264 κ
1334 4210 1363 4263 et
1377 4226 1395 4264 τ
1410 4220 1465 4283 pro

295 4303 436 4386 exemplis
458 4303 594 4366 codicum
615 4304 743 4368 familiae
767 4304 837 4379 olim
860 4323 914 4385 per
928 4293 1100 4385 Hispaniam
1123 4303 1275 4383 dispersae
1299 4301 1466 4364 habuerim.

364 4434 386 4497 ¹)
403 4432 545 4484 Edidernnt
562 4433 705 4499 pastellos
723 4433 814 4485 Ewald
833 4440 860 4484 ot
877 4416 1012 4499 Loowc’p.
1032 4434 1056 4484 l.

364 4513 722 4582 bOEfflWpffim
