3300 5109
756 396 980 459 ...12-

280 577 424 658 epistulas
441 575 575 639 Paulinae
599 581 790 655 receperunt,
809 573 900 635 etiam
924 573 955 635 in
977 574 1112 644 lectione,
1134 590 1313 654 quamquam
1329 573 1451 652 vestigia

280 675 401 755 originis
430 673 620 736 dlcuinianae
656 673 777 735 minime
811 690 934 753 prorsus
967 672 1155 745 deleverunt,
1186 672 1328 734 nounvdla
1358 691 1450 734 nova·

281 781 396 837 verunt.
431 774 471 835 Cf.
488 773 550 835 Gal.
567 772 601 845 ΙΙ,
625 773 653 833 5.
677 771 726 845 ΙΙΙ,
749 772 847 833 6.16.
899 772 1000 851 Neque
1023 771 1128 851 reliqui
1150 772 1266 833 codices
1287 771 1450 833 Alcuiniani

280 873 382 936 alienis
416 871 593 935 lectionibus
622 869 708 933 liberi
736 878 818 932 sunt.
864 870 904 931 Ut
932 888 1027 932 unum
1056 871 1175 932 alleram
1199 871 1451 951 exemplumque

280 974 512 1043 demonstretur,
536 988 595 1050 quo
612 969 700 1031 modo
716 968 857 1048 antiquae
871 969 1012 1031 lectiones
1028 968 1186 1031 submotae
1202 968 1277 1030 siut:
1301 968 1363 1030 Gal.
1380 970 1414 1041 ll,
1431 971 1450 1030 4

279 1071 420 1133 lllcuiuus
436 1069 504 1147 legit
512 1078 631 1149 prepter
642 1068 831 1142 introductos,
844 1086 949 1130 manus
961 1067 1074 1149 primae
1092 1067 1240 1129 simillima
1260 1068 1292 1129 in
1310 1087 1326 1129 a
1344 1086 1451 1149 supra-

279 1168 396 1250 scripsit
417 1168 485 1241 aub3
517 1168 582 1229 ind
603 1186 618 1228 a
636 1167 731 1247 prima
752 1185 844 1229 manu
873 1176 992 1248 prepter
1013 1168 1240 1229 rubiarodnctoa
1262 1165 1428 1228 exhibetur.

367 1267 462 1331 Libris
497 1267 587 1329 sacris
621 1266 814 1328 emendandis
845 1266 933 1328 etiarn
963 1266 1093 1347 aequalis
1121 1265 1236 1327 dlcuiui
1269 1266 1451 1327 Theodullus

279 1368 435 1447 episcopus
458 1365 679 1428 Aurelianensis
703 1383 823 1447 operam
848 1365 938 1427 dedit.
970 1364 1059 1427 Cuius
1082 1364 1179 1426 studia
1203 1364 1302 1426 codice
1318 1363 1450 1426 Parisino

280 1465 364 1528 9389
397 1484 464 1527 cum
493 1463 640 1525 codicibus
669 1463 793 1525 daversi
823 1474 853 1525 et
875 1464 1016 1525 Toletano
1045 1463 1151 1525 collato
1180 1463 1325 1525 illustrata
1352 1472 1450 1524 erunt.

363 1564 479 1627 Horum
513 1563 655 1634 alterum,
689 1563 740 1642 qui
772 1562 804 1625 in
828 1562 1006 1625 bibliotheca
1038 1561 1209 1623 monasterii
1237 1563 1267 1623 S.
1297 1560 1451 1623 Trinitatis

281 1681 373 1743 prope
395 1662 502 1725 Caram
526 1662 575 1722 siti
597 1669 775 1732 asservatur,
799 1661 830 1721 in
854 1661 1017 1741 appendice
1038 1669 1059 1721 t.
1084 1660 1106 1721 Ι.
1129 1660 1243 1722 Codicis
1265 1660 1450 1741 Diplomatioi

280 1761 418 1823 Caveusis
452 1760 606 1839 diligenter
641 1760 796 1839 descripsit
830 1761 862 1821 Β.
897 1760 1021 1821 Gaetani
1054 1758 1225 1837 d’dragona.
1282 1759 1323 1820 lbi
1361 1759 1451 1821 etiarn

283 1859 447 1941 scripturae
470 1860 533 1921 eius
556 1858 708 1939 specimen
724 1857 897 1932 exhibetur3
920 1859 999 1938 quod
1023 1859 1073 1938 qui
1090 1866 1226 1920 accurate
1241 1857 1452 1919 examinaverit

281 1968 311 2023 et
346 1978 413 2022 cum
446 1957 651 2021 monumentis
685 1958 848 2037 scripturae
879 1957 1054 2036 Visigoticae
1087 1957 1302 2037 comparaverit
1335 1975 1451 2019 mecum

280 2057 421 2121 iudicabit
453 2057 542 2119 salsos
570 2075 634 2118 esso
657 2056 735 2121 viros
758 2057 871 2128 doctos,
905 2057 957 2136 qui
979 2057 1076 2119 adbuc
1097 2074 1202 2118 omnes
1225 2064 1368 2137 quantum
1391 2056 1452 2117 scio

280 2157 387 2219 litteris
403 2155 631 2235 langobardicis
648 2156 777 2217 codicem
795 2156 938 2235 scripturn
956 2173 1021 2217 esse
1036 2155 1271 2229 affirmaverunt,
1293 2174 1359 2217 cum
1381 2155 1453 2217 artis

280 2254 432 2319 scribendi
454 2254 654 2333 visigotorum
678 2254 862 2317 luculentum
886 2253 1036 2334 specimen
1060 2254 1108 2316 sit.
1149 2254 1234 2327 Quod
1258 2273 1326 2316 curn
1350 2254 1388 2315 ita
1403 2254 1452 2326 sit,

279 2354 367 2417 tacile
389 2352 569 2433 intellegitur
591 2352 743 2433 quomodo
766 2353 877 2415 lactum
900 2353 948 2427 sit,
973 2361 1005 2415 ut
1027 2353 1075 2414 bic
1089 2372 1157 2415 curn
1174 2352 1274 2415 codice
1296 2353 1452 2425 Toletano,

282 2453 365 2515 cuius
387 2452 480 2515 varias
502 2452 647 2514 lectiones
668 2451 823 2515 Biancbini
846 2453 896 2524 (cl.
919 2451 1069 2513 Vindiciae
1090 2452 1304 2531 scripturarum
1327 2453 1451 2514 canoni-

281 2571 380 2615 carum
404 2570 433 2631 p.
449 2550 549 2613 XLlll.
566 2558 644 2631 sqq.)
669 2551 805 2629 vulgavit,
829 2552 995 2631 scripturae
1017 2550 1169 2631 specimen
1191 2551 1290 2612 Enald
1313 2558 1344 2613 et
1364 2550 1453 2612 deo

280 2652 321 2731 (v.
338 2650 480 2730 Exempla
497 2650 662 2732 scripturae
679 2649 853 2729 Visigoticae
865 2635 924 2711 tab.
935 2648 998 2729 ΙΙΙ.)
1014 2649 1223 2722 exhibuerunt,
1240 2668 1349 2728 maguo
1364 2667 1453 2729 opere

281 2749 457 2813 consentiat.
513 2750 586 2811 Cum
620 2757 749 2828 utroque
782 2757 881 2810 autem
919 2748 1011 2810 codex
1046 2748 1197 2811 Parisinus
1230 2748 1314 2811 9380
1350 2749 1453 2810 multis

281 2848 414 2929 partibus
437 2847 582 2927 congruit.

367 2946 405 3009 Et
426 2969 445 3009 κ
467 2954 497 3009 et
517 2946 569 3026 r1)
597 2946 718 3026 paginas
751 2945 907 3008 internas
934 2946 1087 3008 columnas
1119 2946 1228 3009 divisas
1261 2946 1381 3009 habent.
1425 2946 1454 3006 θ

283 3064 464 3127 quamquam
487 3046 633 3124 scriptura
657 3044 839 3124 Carolingica
860 3046 892 3108 in
917 3065 952 3107 eo
975 3044 1105 3107 adbibita
1128 3053 1183 3118 est,
1217 3045 1395 3108 nitidissima
1422 3053 1454 3107 ot

286 3144 503 3225 elegantissima
526 3144 689 3223 eademque
713 3144 834 3205 minima
857 3145 953 3205 forma
976 3143 1141 3206 litterarum
1165 3143 1258 3207 codici
1273 3167 1291 3206 κ
1305 3144 1345 3206 ita
1368 3144 1453 3205 simi-

284 3245 318 3306 lis
335 3253 391 3317 est,
416 3251 449 3305 ut
470 3242 591 3305 alterius
606 3241 702 3305 scriba
718 3243 845 3306 alterurn
861 3243 1003 3305 aemulari
1018 3244 1145 3306 voluisse
1160 3244 1301 3305 videatur.
1335 3243 1454 3306 decedit

284 3343 363 3424 quod
386 3342 418 3403 iu
440 3343 469 3403 3
491 3341 631 3422 prologus
653 3341 685 3402 iu
708 3359 812 3406 omnes
836 3360 936 3404 sacrae
957 3342 1123 3423 scripturae
1145 3343 1235 3405 libros
1258 3343 1290 3419 (f.
1315 3343 1347 3419 3)
1370 3350 1400 3404 et
1421 3342 1453 3403 in

284 3464 302 3503 κ
331 3440 475 3522 praelatio
497 3442 526 3503 S.
548 3439 722 3521 Hieronymi
755 3441 786 3502 in
821 3441 971 3520 evangelia
1003 3442 1044 3503 ita
1077 3442 1185 3523 scripta
1219 3452 1271 3515 est,
1304 3450 1338 3503 ut
1369 3450 1454 3521 parte

283 3540 412 3621 paginae
435 3558 524 3603 vacua
548 3539 650 3603 relicta
672 3539 821 3619 reliquum
845 3540 974 3621 spatium
996 3542 1125 3603 formam
1157 3541 1253 3604 crucis
1276 3539 1390 3613 babeat,
1424 3541 1453 3601 id

285 3640 363 3720 quod
379 3639 411 3701 iu
427 3638 490 3701 aliis
506 3638 656 3702 codicibus
673 3657 837 3719 numquam
851 3640 1052 3702 animadverti.
1081 3641 1201 3703 Videtur
1218 3641 1308 3720 igitur
1326 3640 1454 3720 scriptor

283 3738 391 3802 codicis
407 3738 533 3800 Parisini
549 3739 699 3819 exemplar
714 3738 855 3801 Cavensis
871 3739 1065 3812 simillimum,
1088 3741 1167 3819 quod
1183 3740 1361 3811 imitaretur,
1384 3746 1453 3800 anto

282 3837 382 3900 oculos
406 3835 573 3899 habuisse..
1018 3863 1020 3866 ·

367 3934 516 3997 Mantiane
539 3935 647 4014 dignus
669 3943 715 3997 est
737 3936 824 3999 etiam
849 3936 969 4017 quidam
993 3938 1026 3999 in
1049 3936 1261 4017 orthographia
1283 3936 1362 3998 iuter
1382 3958 1401 3997 a
1424 3945 1455 3999 et

206 4071 209 4077 ·
283 4038 312 4098 3
338 4051 512 4098 consensus.
557 4034 641 4107 Quae
667 4034 748 4097 enim
778 4034 876 4097 forma
903 4036 1055 4099 familiaris
1084 4045 1131 4098 est
1158 4037 1278 4098 Caveusi
1300 4054 1388 4117 qaum
1410 4036 1453 4112 (in

283 4155 329 4215 ep.
353 4135 389 4197 ad
406 4133 467 4195 Gal.
485 4134 518 4207 ll,
542 4134 571 4197 3.
595 4134 624 4194 7.
649 4134 678 4195 9.
703 4134 741 4195 14
765 4133 821 4196 bis.
847 4135 894 4207 ΙΙΙ,
918 4134 948 4196 3.
972 4135 1017 4209 ΙΙ,
1043 4138 1070 4197 1.
1094 4135 1123 4202 3.
1147 4136 1175 4197 9.
1202 4135 1250 4197 18.
1273 4135 1319 4207 Vl,
1343 4134 1454 4196 3etin

283 4235 312 4295 3
344 4232 455 4296 occurit
487 4232 596 4295 ibidem
627 4232 785 4313 quinquies
808 4235 843 4312 (l,
870 4234 918 4295 15.
946 4233 981 4307 ΙΙ,
1010 4233 1040 4296 3.
1069 4234 1098 4295 7.
1122 4235 1151 4296 9.
1177 4235 1239 4314 11).
1282 4253 1320 4316 qa
1352 4253 1407 4317 pro
1440 4254 1454 4295 c

284 4331 373 4394 habet
405 4334 433 4394 9
465 4332 554 4394 etiarn
588 4331 620 4393 in
647 4335 760 4414 aequati
791 4333 856 4407 (Vl,
895 4333 946 4413 16)
980 4342 1010 4396 et
1040 4338 1290 4415 peraequationem
1322 4334 1369 4412 (T,
1404 4334 1452 4395 11.

355 4534 374 4596 ¹)
391 4528 430 4583 (ΙΙ.
448 4531 576 4583 Arevalna
595 4529 735 4583 laidoriaaa
753 4538 773 4583 t.
791 4531 810 4583 l.
828 4549 853 4599 p.
871 4532 929 4584 396.
