3300 5109
724 387 925 451 ..6-

323 566 386 630 lam
410 565 447 629 ab
468 565 597 647 antiquis
620 565 806 648 temporibus
829 586 895 629 mos
910 574 974 628 erat
994 566 1124 645 singulos
1147 563 1263 628 divinae
1285 567 1414 648 scriptu-

238 686 289 729 rae
317 666 408 729 libros
431 664 463 727 in
487 664 584 747 capita
614 665 745 729 dividere
772 674 803 729 et
830 667 1015 746 singulorum
1049 666 1177 745 capitum
1205 676 1414 745 argumentum

240 765 372 827 breviter
395 772 563 827 enarratum
587 765 711 845 singulis
734 765 815 827 libris
832 764 1030 847 praemittere.
1060 767 1156 844 Atque
1171 766 1276 827 barum
1300 768 1418 847 capitu-

240 865 384 927 lationum
408 883 483 945 quae
506 873 649 927 vocantur
673 865 721 939 (de
744 864 853 945 quibus
869 885 894 926 v.
911 865 973 925 los.
993 863 1145 926 Thomasii
1168 865 1323 927 cardinalis
1346 886 1414 948 opp.

240 965 314 1041 tl.)
338 965 450 1026 multae
473 964 626 1044 variaeque
649 964 683 1026 ad
708 964 827 1026 eosdem
852 964 942 1026 libros
964 963 1149 1044 pertinentes
1171 964 1202 1024 in
1224 965 1311 1027 variis
1334 967 1417 1028 codi-

242 1063 326 1126 cibus
350 1071 468 1126 exstant
490 1081 612 1143 eaeque,
635 1072 667 1125 ut
691 1063 769 1125 tituli
791 1063 1035 1144 capitulariorum
1056 1081 1123 1124 cum
1139 1063 1204 1144 ipso
1220 1071 1303 1126 textu
1324 1065 1416 1127 libro-

241 1181 309 1225 rum
344 1163 441 1226 collati
472 1163 611 1243 probant,
646 1162 755 1243 partim
790 1162 974 1243 antiquiores
1008 1182 1096 1242 qnam
1131 1162 1262 1241 Vulgata.
1314 1163 1416 1244 Neque

241 1280 344 1324 earum
367 1280 440 1342 quas
463 1261 652 1324 distinximus
676 1262 814 1324 classium
838 1261 945 1341 singuli
968 1261 1084 1324 codices
1106 1262 1163 1323 hac
1184 1262 1216 1323 in
1238 1280 1271 1324 ra
1293 1280 1416 1343 prorsus

241 1362 320 1423 inter
348 1380 380 1423 se
410 1358 611 1422 consentiunt.
656 1360 698 1423 lta
722 1360 783 1423 sola
797 1360 829 1422 in
846 1379 949 1422 eorum
972 1360 1022 1441 qui
1038 1361 1074 1422 ad
1090 1360 1246 1423 dicuinum
1268 1361 1417 1424 referendi

244 1470 316 1523 sunt
330 1459 464 1523 codicum
483 1460 574 1521 classe
591 1459 773 1539 euangelium
789 1458 929 1523 Matthaei
944 1477 1005 1522 non
1021 1460 1121 1522 minus
1137 1460 1270 1541 quinque
1286 1461 1416 1524 diversas

244 1558 467 1641 capitulationes
491 1557 587 1620 habet.

328 1656 440 1719 'lamen
463 1657 498 1719 ad
514 1656 641 1719 lamilias
657 1657 792 1720 codicum
810 1658 1035 1737 distinguendas
1058 1665 1089 1719 et
1109 1655 1238 1720 rationes
1261 1676 1337 1738 quae
1359 1658 1418 1721 sint

241 1758 321 1819 inter
344 1756 460 1818 codices
483 1756 701 1835 cognoscendas
725 1757 951 1837 capitulationes
973 1757 1130 1835 diligenter
1152 1756 1337 1819 examinatae
1362 1758 1417 1820 ali·

244 1862 389 1936 quantum
418 1855 589 1927 conferunt3
619 1874 801 1936 quamquam
830 1856 981 1918 interdum
1010 1855 1076 1916 libri
1100 1855 1151 1936 qui
1179 1855 1209 1916 in
1232 1855 1417 1936 capitulatio-

243 1954 329 2017 nibus
353 1952 547 2017 consentiunt
567 1954 599 2015 in
628 1953 755 2016 lectione
782 1956 849 2035 plus
876 1954 939 2016 aliis
969 1954 1157 2015 dissentiunt.
1203 1953 1278 2015 Nam
1301 1955 1417 2035 capitu·

241 2052 357 2115 lationis
380 2060 408 2114 et
431 2060 529 2114 textus
549 2052 641 2133 ipsius
664 2056 778 2116 iontem
795 2055 924 2116 eundem
946 2073 1011 2115 esse
1027 2071 1148 2115 necesse
1163 2070 1225 2114 non
1240 2061 1295 2115 est.
1332 2054 1417 2128 Quid,

245 2152 324 2232 quod
348 2149 417 2213 libri
440 2151 590 2213 interdum
615 2153 704 2214 modo
726 2155 813 2234 plane
836 2154 954 2215 diverso
977 2171 1065 2234 quarn
1089 2152 1347 2232 capitulationibus
1370 2154 1417 2214 in-

242 2250 372 2313 dicatum
390 2257 452 2312 erat
476 2249 560 2311 divisi
580 2248 674 2312 sunt?
707 2252 795 2314 Velut
810 2252 903 2313 codex
919 2252 1040 2332 quidam
1054 2249 1253 2322 llodoetinus,
1276 2252 1327 2331 qui
1342 2261 1418 2313 este

242 2348 416 2411 recensione
437 2344 559 2423 ffdlcuini
591 2348 640 2423 (cl.
663 2369 692 2429 p.
711 2351 762 2425 lt)
790 2369 855 2413 earn
884 2369 960 2431 quae
987 2351 1095 2411 borurn
1130 2349 1264 2411 codicum
1298 2350 1417 2431 propria

243 2448 451 2510 videturesse
479 2448 596 2510 inacta
624 2449 825 2529 apostolorum
857 2450 1095 2537 capitulationem
1123 2448 1259 2521 servavit,
1282 2449 1332 2510 sed
1355 2450 1418 2529 ipsa

245 2555 308 2610 acta
335 2548 502 2610 secundum
532 2546 617 2609 aliam
653 2549 800 2627 quandam
832 2548 1082 2629 capitulationem,
1118 2564 1205 2628 quam
1238 2548 1417 2627 posteriores

245 2646 335 2709 buius
358 2646 458 2708 classis
482 2646 598 2708 codices
619 2655 808 2727 receperunt,
833 2646 974 2708 distinxit.
1419 2699 1421 2703 Α

329 2746 410 2820 Quae
434 2764 493 2825 quo
518 2745 605 2807 modo
628 2745 705 2809 lacta
727 2746 788 2808 sint
810 2746 944 2826 exemplo
967 2744 1077 2806 codicis
1095 2743 1254 2806 Fuldensis
1276 2744 1419 2807 illustrari

245 2852 352 2927 potest.
402 2844 492 2907 Cuius
526 2844 653 2925 scriptor
685 2844 744 2907 duo
776 2844 952 2925 exemplaria
983 2851 1051 2906 ante
1080 2862 1111 2905 se
1145 2842 1260 2916 habuit,
1289 2862 1419 2924 quorum

245 2944 371 3012 alterum
395 2942 564 3025 descripsit,
595 2944 721 3006 alterum
751 2953 853 3022 postea
885 2944 921 3006 ad
944 2962 1032 3005 suum
1057 2942 1188 3005 codicem
1210 2942 1417 3022 corrigendum

245 3041 387 3103 adhibuit.
430 3041 545 3103 llorum
574 3042 702 3104 duorum
731 3042 868 3104 codicum
896 3042 920 3103 is
949 3060 1037 3122 quem
1072 3039 1230 3121 descripsit
1262 3042 1417 3121 epistulam

244 3141 281 3201 ad
303 3140 454 3202 Hebraeos
476 3140 570 3221 ipsam
593 3140 714 3221 quidem
739 3159 791 3221 per
814 3140 875 3202 125
898 3141 992 3220 capita
1016 3139 1214 3210 distributam,
1236 3140 1419 3220 capitulatio-

245 3257 315 3301 nem
338 3238 528 3318 praemissam
546 3239 657 3300 nullam
672 3237 808 3313 habebat,
835 3239 920 3300 utin
944 3238 1044 3300 codice
1066 3238 1215 3301 Amiatino
1238 3239 1419 3318 apocalypsis

245 3337 286 3397 25
310 3336 457 3418 capitibus
481 3337 620 3400 distincta
648 3345 710 3411 est,
739 3338 908 3418 capitulatio
939 3338 1030 3399 deest.
1075 3339 1137 3399 lam
1161 3336 1287 3416 scriptor
1309 3336 1419 3399 codicis

245 3435 400 3498 Fuldensis
424 3444 456 3499 ut
479 3436 507 3496 id
531 3437 609 3515 quod
632 3437 732 3498 deerat
754 3438 904 3517 suppleret
928 3436 1171 3518 capitulationem
1194 3456 1231 3496 ex
1252 3435 1345 3497 altero
1367 3455 1417 3497 co-

246 3534 309 3597 dice
331 3535 449 3616 petivit,
472 3554 547 3618 quae
574 3543 693 3609 tamen,
725 3554 793 3598 cum
819 3535 859 3595 12
882 3536 976 3617 capita
1005 3535 1126 3610 babeat,
1155 3533 1249 3617 ipsius
1275 3534 1418 3615 epistulae

248 3634 389 3697 diuisioni
412 3634 537 3695 minime
558 3636 728 3715 respondet.
1037 3635 1040 3640 ’

331 3733 423 3795 Docet
444 3733 684 3813 capitulationum
709 3733 802 3814 copia,
827 3742 935 3813 quanta
958 3732 1048 3800 luerit
1067 3733 1279 3813 exemplarium
1296 3732 1419 3794 varietas

246 3842 276 3894 et
298 3852 357 3913 quo
381 3832 470 3893 modo
494 3832 624 3894 diversae
648 3832 769 3912 originis
793 3832 909 3895 codices
924 3831 1003 3894 inter
1018 3851 1051 3893 se
1070 3832 1151 3894 misti
1173 3840 1203 3893 et
1223 3832 1334 3894 turbati
1350 3831 1419 3893 sint.

247 3932 321 3993 Nam
344 3930 494 3993 rarissime
516 3929 636 4002 accidit,
664 3940 698 3994 ut
727 3931 751 3994 si
779 3932 846 4011 quis
868 3947 978 3994 norum
1010 3931 1159 4013 exemplar
1181 3931 1225 3992 vel
1248 3930 1311 4011 ipse
1330 3947 1417 4010 'para-

248 4039 329 4093 verat
351 4031 393 4091 vel
418 4030 514 4109 parari
537 4029 666 4092 iusserat
688 4029 724 4091 ad
748 4030 881 4092 codicem
906 4031 1086 4111 descriptum
1103 4049 1164 4091 non
1180 4029 1269 4091 alium
1293 4029 1419 4109 aliquem

248 4128 416 4202 adhiberet,
445 4128 528 4191 cuius
551 4147 606 4210 ope
629 4147 717 4191 suum
740 4136 857 4191 textum
880 4129 1041 4209 corrigeret
1073 4129 1116 4190 vel
1145 4128 1224 4190 unde
1247 4128 1338 4188 varias
1360 4129 1420 4189 lec·

248 4229 345 4289 tiones
377 4228 408 4288 in
444 4228 576 4309 margine
603 4228 649 4290 vel
675 4228 755 4290 inter
781 4228 874 4290 lineas
897 4228 966 4290 nori
994 4226 1167 4308 exemplaris
1202 4225 1419 4288 transcriberet.

169 4317 170 4320 ¹
248 4328 290 4389 lta
314 4346 424 4389 novum
448 4328 588 4410 quodque
611 4328 760 4409 exemplar
775 4328 858 4408 quasi
874 4346 950 4391 nova
966 4328 1109 4408 quaedam
1126 4325 1215 4388 editio
1239 4332 1312 4387 erat.
1335 4326 1420 4399 Quod

248 4442 429 4507 quamquam
459 4428 520 4489 scio
551 4427 679 4508 quodam
713 4428 802 4489 modo
833 4426 866 4488 in
888 4444 992 4489 omnes
1015 4426 1066 4506 qui
1088 4424 1294 4505 permedium
1317 4442 1420 4486 aerum

249 4526 444 4590 describendo
466 4526 704 4607 propagabantur
725 4526 815 4589 libros
839 4527 944 4601 valere,
966 4537 1066 4588 mmen
1089 4544 1148 4607 quo
1165 4524 1258 4589 maior
1278 4540 1421 4587 numerus
