3300 5109
737 347 933 412 ..,g-

248 527 387 609 scriptori
410 526 471 591 cod.
497 524 635 588 hmiatini
665 532 770 587 notum
793 523 888 587 fuisse
910 524 943 585 in
964 523 1122 588 annalibus
1144 525 1318 606 theologicis
1334 535 1354 588 t
1371 527 1420 589 lll.

250 648 278 709 p.
304 627 367 689 619
390 646 455 706 sqq.
479 626 685 699 demonstrare
708 632 798 706 atque
820 624 918 705 ipsum
944 624 1075 688 codicem
1098 625 1205 688 vivarii
1226 626 1256 688 iu
1279 626 1420 690 coenobio

252 748 268 789 a
285 724 471 789 Cassiodorio
494 723 616 786 condito
639 722 695 785 suh
719 725 778 785 line
794 744 817 787 s.
834 724 890 797 Vl,
912 724 941 785 id
957 726 1035 804 quod
1052 724 1141 786 etiam
1158 725 1288 786 rationes
1303 725 1420 805 palaeo-

250 826 406 905 graphicae
428 821 650 898 confirmant¹),
672 824 814 904 scripturn
839 841 903 884 esse
924 823 1050 903 probare
1065 823 1176 887 studui.
1208 824 1322 886 Novum
1339 825 1420 887 Test.

249 945 265 989 e
293 925 392 986 codice
419 922 571 985 *Amiatino
601 922 692 984 edidit
721 921 937 996 Tischendorl3
971 922 1127 1003 epistulam
1156 923 1191 986 ad
1221 923 1338 986 Galatas
1367 943 1420 1005 ego

250 1025 348 1087 denuo
371 1022 493 1085 contuli.

259 1177 261 1181 ,
335 1122 475 1185 Codicem
491 1119 671 1181 Fuldensem
695 1119 793 1200 ipsum
818 1136 879 1181 nou
902 1120 1026 1200 inspexi,
1050 1121 1100 1182 sed
1118 1120 1249 1183 editione
1263 1120 1296 1182 E.
1314 1121 1420 1183 Rachii

249 1220 411 1301 (Morburgi
435 1228 465 1282 et
486 1218 604 1299 Lipsiae
630 1216 724 1298 1868)
753 1238 827 1281 usus
856 1238 932 1281 sum.
978 1218 1116 1281 Codicem
1150 1219 1293 1299 scripturn
1329 1221 1420 1282 luisse

249 1325 329 1383 anno
352 1320 414 1382 546
438 1338 473 1381 ex
495 1316 766 1399 subscriptionibus
789 1318 915 1379 Victoris
944 1317 1075 1398 episcopi
1097 1318 1237 1398 Capuani,
1269 1319 1321 1399 qui
1349 1338 1418 1382 eum

250 1419 439 1482 scribendum
462 1416 588 1491 curavit,
610 1424 730 1497 apparet
738 1416 774 1497 ²).

333 1518 474 1579 Eiusdem
495 1516 560 1577 lere
575 1515 679 1578 aetatis
694 1514 891 1578 bibliothecae
906 1515 1060 1577 vaticanae
1074 1515 1206 1579 codicem
1222 1516 1418 1594 Reginensem

209 1686 212 1690 .
249 1617 287 1678 lll
304 1635 368 1678 esse
392 1623 421 1677 et
444 1615 539 1677 lorrna
561 1614 738 1685 litterarum,
761 1622 838 1694 quae
861 1614 967 1676 codicis
990 1614 1075 1676 Fuld.
1097 1614 1264 1677 simillimae
1286 1624 1366 1686 sunt,
1390 1623 1420 1677 et

249 1716 389 1777 universa
423 1713 490 1775 libri
523 1712 657 1775 condicio
691 1713 809 1775 docent.
854 1712 970 1775 Codicis
1000 1714 1152 1793 specimen
1175 1732 1236 1776 non
1258 1714 1419 1777 admodum

248 1815 336 1876 lidele
361 1812 525 1875 ,Bianchini
558 1812 589 1873 in
622 1810 699 1874 libro
721 1811 870 1874 Vindiciae
903 1813 1115 1891 scripturarum
1148 1812 1356 1875 canonicarum
1390 1833 1418 1893 p.

247 1911 447 1975 CCLlllllllll.
471 1910 611 1973 exhibuit.
655 1911 751 1972 Codex
779 1928 842 1973 non
865 1911 997 1973 continet
1020 1911 1077 1973 nisi
1108 1912 1248 1991 epistulas
1271 1913 1301 1974 S.
1324 1912 1418 1974 Pauli.

334 2011 454 2091 Aliquot
488 2009 611 2072 saeculis
641 2015 711 2090 post
741 2021 771 2074 et
801 2019 883 2074 certe
905 2028 966 2072 non
989 2021 1059 2077 aute
1082 2030 1105 2072 s.
1129 2011 1178 2072 lll.
1200 2029 1289 2091 quern
1312 2012 1343 2073 iu
1366 2011 1420 2073 hac

250 2111 341 2171 classe
373 2108 460 2189 posui
490 2115 628 2188 quartum
657 2108 785 2188 scriptus
815 2116 863 2170 est
897 2109 989 2170 codex
1017 2109 1168 2172 Parisinus
1205 2109 1317 2171 11553.
1362 2109 1418 2183 Qui

245 2208 367 2288 Antiqui
391 2207 471 2269 Test.
493 2207 586 2268 libros
618 2206 687 2270 inde
720 2225 736 2267 a
771 2208 892 2286 psalmis
927 2215 957 2268 et
979 2208 1053 2270 Nori
1083 2226 1187 2270 omnes
1215 2208 1314 2270 addito
1344 2209 1419 2270 libro

247 2307 372 2368 Hermae
388 2306 512 2386 pastoris
529 2305 744 2385 complectitur.
775 2304 887 2368 'lentus
910 2314 1009 2367 autem
1033 2307 1121 2369 huius
1137 2307 1254 2377 codicis,
1278 2308 1419 2370 ubicum-

248 2424 307 2486 que
334 2424 403 2467 eum
433 2405 463 2466 in
485 2404 520 2465 N.
542 2404 576 2465 T.
599 2403 800 2485 inspiciebam,
836 2423 901 2467 earn
924 2405 1077 2467 redolebat
1099 2405 1315 2485 antiquitatem,
1349 2416 1419 2469 ute

246 2504 346 2566 codice
370 2503 501 2565 eiusdem
526 2502 642 2575 aetatis,
665 2503 749 2565 cuius
772 2511 833 2565 tres
857 2523 931 2584 quos
954 2521 1043 2585 supra
1065 2504 1215 2567 nominavi
1236 2514 1317 2574 suut,
1340 2504 1420 2566 hunc

247 2603 428 2682 descriptum
452 2620 517 2663 esse
542 2600 613 2664 mihi
636 2601 757 2679 quidem
780 2603 1018 2682 persuaderetur.
1063 2602 1181 2663 Contuli
1203 2602 1358 2681 epistulam
1381 2603 1417 2664 ad

246 2702 359 2763 Galatas
382 2700 548 2763 accuratius
571 2717 626 2761 nec
648 2700 764 2779 gravius
795 2720 844 2761 me
875 2700 1016 2762 erravisse
1045 2720 1148 2781 sper03
1166 2708 1282 2763 tamen
1315 2702 1418 2763 vellem

249 2800 380 2861 codicem
404 2800 513 2861 iteruin
538 2799 675 2861 collatum
701 2799 853 2871 haberem,
888 2818 956 2861 nam
988 2799 1025 2861 de
1056 2799 1216 2863 levioribus
1239 2798 1417 2880 quibusdam

246 2898 337 2960 rebus
370 2916 452 2959 nunc
480 2914 541 2959 non
572 2916 696 2977 possum
727 2916 789 2960 non
812 2898 958 2972 dubitare,
986 2898 1013 2960 id
1044 2899 1123 2980 quod
1146 2899 1178 2961 in
1202 2900 1418 2962 commentario

249 2996 350 3058 critico
371 2995 611 3076 interrogationis
634 2996 726 3077 siguis
748 2997 883 3059 iudicavi.

332 3096 466 3168 Quorum
489 3103 632 3174 quattuor
654 3095 789 3157 codicum
814 3095 840 3157 si
868 3095 1011 3158 librorum
1039 3095 1265 3176 dispositionem
1287 3104 1318 3157 et
1339 3096 1418 3175 capi-

248 3194 427 3257 tulationum
450 3202 623 3273 apparatum
647 3212 865 3275 comparamus,
888 3195 966 3256 haud
988 3194 1083 3257 levem
1106 3195 1184 3256 inter
1206 3214 1258 3257 eos
1274 3214 1339 3257 esse
1358 3195 1418 3256 dis-

249 3293 430 3373 crepantiam
454 3292 663 3371 intellegimus.

331 3391 465 3455 Primum
490 3391 571 3453 enirn
594 3391 684 3453 libros
709 3391 781 3453 Novi
804 3390 886 3455 lest.
910 3393 968 3454 hoc
990 3392 1095 3454 ordine
1119 3390 1261 3455 exhibent

369 3492 410 3553 A:
434 3508 534 3570 evang.
580 3498 643 3553 acta
667 3499 758 3571 apost.
806 3491 891 3572 epist
915 3493 944 3554 S.
968 3492 1050 3555 Pauli
1094 3492 1179 3571 epist.
1203 3511 1268 3555 can.
1306 3493 1418 3573 apocal.

371 3589 410 3650 F:
435 3607 535 3668 evang.
582 3590 665 3669 epist.
691 3590 721 3651 S.
744 3590 829 3653 Pauli
873 3599 938 3653 acta
960 3598 1055 3671 apost.
1100 3591 1186 3671 epist.
1210 3612 1274 3654 can.
1308 3591 1418 3672 apocal.

370 3689 408 3751 P:
433 3706 535 3767 evang.
579 3698 642 3750 acta
665 3699 761 3769 apost.
808 3690 895 3770 epist.
919 3701 996 3751 cau.¹
1030 3692 1141 3770 apocal.
1177 3692 1263 3772 epist.
1281 3693 1310 3753 S.
1325 3690 1418 3753 Pauli.

332 3786 366 3847 ln
390 3786 523 3867 epistulis
547 3787 577 3849 S.
592 3788 714 3849 Pauhh
738 3796 767 3849 et
790 3788 813 3848 P
830 3789 1022 3851 colossenses
1043 3797 1113 3853 ante
1128 3789 1419 3863 Thessalonicenses,

249 3887 272 3948 F
295 3894 324 3947 et
345 3886 369 3947 ll
393 3886 582 3947 Colossenses
605 3894 674 3966 post
690 3887 970 3951 Thessalonicenses
993 3896 1119 3968 ponunt.
1141 3890 1297 3951 Praeterea
1314 3888 1336 3948 F
1351 3896 1420 3969 post

250 3986 441 4046 Colossenses
464 3984 622 4065 epistulam
646 3986 682 4046 ad
705 3984 902 4049 laodicenses
924 3989 1045 4067 recepit.
1367 4059 1371 4066 ,

333 4082 448 4145 Deinde
480 4083 510 4144 in
540 4084 798 4163 capitulationibus
827 4087 954 4149 multum
975 4086 1134 4152 dillerunt.
1179 4087 1255 4148 Pin
1279 4086 1419 4165 epistulas

250 4182 393 4252 Paulinae
422 4181 586 4255 canonicas,
610 4183 808 4264 apocalypsim
832 4186 1059 4266 capitulationes
1083 4186 1207 4248 omnino
1230 4204 1293 4247 uon
1315 4185 1419 4260 habet3

317 4410 337 4475 ¹)
356 4407 393 4460 Gi.
412 4408 605 4473 Zargemeister
623 4417 649 4461 et
668 4410 839 4463 Wattsnbach
859 4412 977 4479 Exempla
997 4414 1112 4464 codicum
1130 4414 1277 4464 latinorum.

317 4490 338 4558 ¹)
358 4490 395 4543 Cl.
415 4490 502 4545 111111
521 4492 700 4559 prolegomena
713 4511 737 4561 p.
750 4493 814 4547 Vlll.
