<?xml version="1.0" encoding="UTF-8"?>
<!DOCTYPE html PUBLIC "-//W3C//DTD XHTML 1.0 Transitional//EN"
    "http://www.w3.org/TR/xhtml1/DTD/xhtml1-transitional.dtd">
<html xmlns="http://www.w3.org/1999/xhtml" xml:lang="en" lang="en">
 <head>
  <title>
</title>
<meta http-equiv="Content-Type" content="text/html;charset=utf-8" />
  <meta name='ocr-system' content='tesseract 3.04.00' />
  <meta name='ocr-capabilities' content='ocr_page ocr_carea ocr_par ocr_line ocrx_word'/>
</head>
<body>
  <div class='ocr_page' id='page_1' title='image "./epistulaadgalat00corsgoog_0056.png"; bbox 0 0 3300 5109; ppageno 0'>
   <div class='ocr_carea' id='block_1_1' title="bbox 727 352 949 413">
    <p class='ocr_par' dir='ltr' id='par_1_1' title="bbox 727 352 949 413">
     <span class='ocr_line' id='line_1_1' title="bbox 727 352 949 413; baseline -0.014 -16"><span class='ocrx_word' id='word_1_1' title='bbox 727 352 949 413; x_wconf 74' lang='lat'><strong>...52-</strong></span> 
     </span>
    </p>
   </div>
   <div class='ocr_carea' id='block_1_2' title="bbox 253 526 1430 2585">
    <p class='ocr_par' dir='ltr' id='par_1_2' title="bbox 253 526 1430 905">
     <span class='ocr_line' id='line_1_2' title="bbox 255 526 1430 608; baseline -0.001 -20"><span class='ocrx_word' id='word_1_2' title='bbox 255 530 336 590; x_wconf 88' lang='lat' dir='ltr'><strong>locus</strong></span> <span class='ocrx_word' id='word_1_3' title='bbox 360 528 496 590; x_wconf 82' lang='lat' dir='ltr'><strong>ascribis</strong></span> <span class='ocrx_word' id='word_1_4' title='bbox 513 537 672 608; x_wconf 86' lang='lat' dir='ltr'><strong>corruptus</strong></span> <span class='ocrx_word' id='word_1_5' title='bbox 690 538 743 597; x_wconf 86' lang='lat' dir='ltr'><strong>est,</strong></span> <span class='ocrx_word' id='word_1_6' title='bbox 768 549 800 589; x_wconf 92' lang='lat' dir='ltr'><strong>ex</strong></span> <span class='ocrx_word' id='word_1_7' title='bbox 825 529 871 589; x_wconf 90' lang='lat' dir='ltr'><strong>bis</strong></span> <span class='ocrx_word' id='word_1_8' title='bbox 894 529 1017 589; x_wconf 86' lang='lat' dir='ltr'><strong>contlata</strong></span> <span class='ocrx_word' id='word_1_9' title='bbox 1042 535 1126 588; x_wconf 89' lang='lat' dir='ltr'><strong>sunt:</strong></span> <span class='ocrx_word' id='word_1_10' title='bbox 1150 530 1182 587; x_wconf 80' lang='lat' dir='ltr'><strong>io</strong></span> <span class='ocrx_word' id='word_1_11' title='bbox 1203 526 1260 606; x_wconf 83' lang='lat' dir='ltr'><strong>fide</strong></span> <span class='ocrx_word' id='word_1_12' title='bbox 1282 530 1351 588; x_wconf 76' lang='lat' dir='ltr'><strong>urbo</strong></span> <span class='ocrx_word' id='word_1_13' title='bbox 1374 528 1430 607; x_wconf 77' lang='lat' dir='ltr'><strong>filii</strong></span> 
     </span>
     <span class='ocr_line' id='line_1_3' title="bbox 253 626 1425 708; baseline -0.002 -21"><span class='ocrx_word' id='word_1_14' title='bbox 253 627 299 688; x_wconf 87' lang='lat' dir='ltr'><strong>dei</strong></span> <span class='ocrx_word' id='word_1_15' title='bbox 320 634 349 688; x_wconf 89' lang='lat' dir='ltr'><strong>et</strong></span> <span class='ocrx_word' id='word_1_16' title='bbox 371 631 402 689; x_wconf 87' lang='lat' dir='ltr'><strong>in</strong></span> <span class='ocrx_word' id='word_1_17' title='bbox 423 627 478 708; x_wconf 79' lang='lat' dir='ltr'><strong>fide</strong></span> <span class='ocrx_word' id='word_1_18' title='bbox 506 631 576 687; x_wconf 82' lang='lat' dir='ltr'><strong>uiuo</strong></span> <span class='ocrx_word' id='word_1_19' title='bbox 608 628 653 688; x_wconf 82' lang='lat' dir='ltr'><strong>dei</strong></span> <span class='ocrx_word' id='word_1_20' title='bbox 673 638 699 689; x_wconf 88' lang='lat' dir='ltr'><strong>et</strong></span> <span class='ocrx_word' id='word_1_21' title='bbox 729 628 833 689; x_wconf 79' lang='lat' dir='ltr'><strong>ebriati.</strong></span> <span class='ocrx_word' id='word_1_22' title='bbox 880 626 988 687; x_wconf 85' lang='lat' dir='ltr'><strong>Eadem</strong></span> <span class='ocrx_word' id='word_1_23' title='bbox 1017 626 1095 705; x_wconf 94' lang='lat' dir='ltr'><strong>apud</strong></span> <span class='ocrx_word' id='word_1_24' title='bbox 1128 626 1310 687; x_wconf 75' lang='lat' dir='ltr'>Victorinum</span> <span class='ocrx_word' id='word_1_25' title='bbox 1341 626 1425 686; x_wconf 87' lang='lat' dir='ltr'><strong>inue-</strong></span> 
     </span>
     <span class='ocr_line' id='line_1_4' title="bbox 256 724 1424 806; baseline 0 -21"><span class='ocrx_word' id='word_1_26' title='bbox 256 726 390 793; x_wconf 84' lang='lat' dir='ltr'><strong>niuntur.</strong></span> <span class='ocrx_word' id='word_1_27' title='bbox 413 727 463 787; x_wconf 87' lang='lat' dir='ltr'><strong>sed</strong></span> <span class='ocrx_word' id='word_1_28' title='bbox 488 725 534 786; x_wconf 90' lang='lat' dir='ltr'><strong>bic</strong></span> <span class='ocrx_word' id='word_1_29' title='bbox 558 744 675 787; x_wconf 88' lang='lat' dir='ltr'><strong>versum</strong></span> <span class='ocrx_word' id='word_1_30' title='bbox 699 726 737 787; x_wconf 90' lang='lat' dir='ltr'><strong>ita</strong></span> <span class='ocrx_word' id='word_1_31' title='bbox 761 726 984 806; x_wconf 87' lang='lat' dir='ltr'><strong>interpretatur,</strong></span> <span class='ocrx_word' id='word_1_32' title='bbox 1015 735 1049 786; x_wconf 93' lang='lat' dir='ltr'><strong>ut</strong></span> <span class='ocrx_word' id='word_1_33' title='bbox 1071 725 1170 804; x_wconf 90' lang='lat' dir='ltr'><strong>ipsum</strong></span> <span class='ocrx_word' id='word_1_34' title='bbox 1193 724 1250 804; x_wconf 83' lang='lat' dir='ltr'><strong>filii</strong></span> <span class='ocrx_word' id='word_1_35' title='bbox 1268 725 1338 785; x_wconf 90' lang='lat' dir='ltr'><strong>illud</strong></span> <span class='ocrx_word' id='word_1_36' title='bbox 1362 743 1424 785; x_wconf 92' lang='lat' dir='ltr'><strong>non</strong></span> 
     </span>
     <span class='ocr_line' id='line_1_5' title="bbox 253 826 573 905; baseline 0 -20"><span class='ocrx_word' id='word_1_37' title='bbox 253 826 407 904; x_wconf 89' lang='lat' dir='ltr'><strong>agnovisse</strong></span> <span class='ocrx_word' id='word_1_38' title='bbox 429 832 573 905; x_wconf 79' lang='lat' dir='ltr'><strong>appareat.</strong></span> 
     </span>
    </p>

    <p class='ocr_par' dir='ltr' id='par_1_3' title="bbox 254 923 1427 1695">
     <span class='ocr_line' id='line_1_6' title="bbox 340 923 1426 1003; baseline 0.001 -18"><span class='ocrx_word' id='word_1_39' title='bbox 340 924 399 985; x_wconf 87' lang='lat' dir='ltr'><strong>Sed</strong></span> <span class='ocrx_word' id='word_1_40' title='bbox 422 942 602 1003; x_wconf 83' lang='lat' dir='ltr'><strong>quamquam</strong></span> <span class='ocrx_word' id='word_1_41' title='bbox 624 923 761 1003; x_wconf 88' lang='lat' dir='ltr'><strong>antiquas</strong></span> <span class='ocrx_word' id='word_1_42' title='bbox 784 924 933 985; x_wconf 77' lang='lat' dir='ltr'>versiones</span> <span class='ocrx_word' id='word_1_43' title='bbox 957 923 1148 1002; x_wconf 89' lang='lat' dir='ltr'><strong>interpolatas</strong></span> <span class='ocrx_word' id='word_1_44' title='bbox 1171 942 1235 985; x_wconf 89' lang='lat' dir='ltr'><strong>esse</strong></span> <span class='ocrx_word' id='word_1_45' title='bbox 1258 925 1426 986; x_wconf 89' lang='lat' dir='ltr'><strong>conceden-</strong></span> 
     </span>
     <span class='ocr_line' id='line_1_7' title="bbox 254 1022 1425 1102; baseline -0.001 -19"><span class='ocrx_word' id='word_1_46' title='bbox 254 1024 324 1085; x_wconf 93' lang='lat' dir='ltr'><strong>dum</strong></span> <span class='ocrx_word' id='word_1_47' title='bbox 350 1030 402 1093; x_wconf 87' lang='lat' dir='ltr'><strong>est,</strong></span> <span class='ocrx_word' id='word_1_48' title='bbox 438 1033 534 1084; x_wconf 90' lang='lat' dir='ltr'><strong>tamen</strong></span> <span class='ocrx_word' id='word_1_49' title='bbox 559 1041 634 1102; x_wconf 88' lang='lat' dir='ltr'><strong>quae</strong></span> <span class='ocrx_word' id='word_1_50' title='bbox 657 1022 731 1083; x_wconf 89' lang='lat' dir='ltr'><strong>ratio</strong></span> <span class='ocrx_word' id='word_1_51' title='bbox 755 1022 835 1083; x_wconf 89' lang='lat' dir='ltr'><strong>inter</strong></span> <span class='ocrx_word' id='word_1_52' title='bbox 863 1043 911 1084; x_wconf 88' lang='lat' dir='ltr'><strong>eas</strong></span> <span class='ocrx_word' id='word_1_53' title='bbox 941 1033 968 1083; x_wconf 89' lang='lat' dir='ltr'><strong>et</strong></span> <span class='ocrx_word' id='word_1_54' title='bbox 994 1024 1141 1101; x_wconf 84' lang='lat' dir='ltr'><strong>Vulgatam</strong></span> <span class='ocrx_word' id='word_1_55' title='bbox 1174 1022 1346 1097; x_wconf 78' lang='lat' dir='ltr'><strong>intercedat,</strong></span> <span class='ocrx_word' id='word_1_56' title='bbox 1379 1024 1425 1083; x_wconf 91' lang='lat' dir='ltr'><strong>in-</strong></span> 
     </span>
     <span class='ocr_line' id='line_1_8' title="bbox 254 1121 1426 1201; baseline 0 -18"><span class='ocrx_word' id='word_1_57' title='bbox 254 1121 351 1201; x_wconf 80' lang='lat' dir='ltr'><strong>tellegi</strong></span> <span class='ocrx_word' id='word_1_58' title='bbox 385 1131 492 1201; x_wconf 86' lang='lat' dir='ltr'><strong>potest.</strong></span> <span class='ocrx_word' id='word_1_59' title='bbox 539 1121 708 1182; x_wconf 87' lang='lat' dir='ltr'><strong>Graviorem</strong></span> <span class='ocrx_word' id='word_1_60' title='bbox 743 1122 820 1181; x_wconf 90' lang='lat' dir='ltr'><strong>inter</strong></span> <span class='ocrx_word' id='word_1_61' title='bbox 843 1123 993 1199; x_wconf 86' lang='lat' dir='ltr'><strong>Vulgatam</strong></span> <span class='ocrx_word' id='word_1_62' title='bbox 1025 1132 1054 1183; x_wconf 93' lang='lat' dir='ltr'><strong>et</strong></span> <span class='ocrx_word' id='word_1_63' title='bbox 1078 1122 1287 1201; x_wconf 83' lang='lat' dir='ltr'><strong>Hieronymum</strong></span> <span class='ocrx_word' id='word_1_64' title='bbox 1317 1122 1426 1183; x_wconf 87' lang='lat' dir='ltr'><strong>discre-</strong></span> 
     </span>
     <span class='ocr_line' id='line_1_9' title="bbox 255 1220 1427 1301; baseline 0.001 -20"><span class='ocrx_word' id='word_1_65' title='bbox 255 1221 383 1301; x_wconf 90' lang='lat' dir='ltr'><strong>pautiam</strong></span> <span class='ocrx_word' id='word_1_66' title='bbox 408 1240 583 1299; x_wconf 86' lang='lat' dir='ltr'><strong>essequam</strong></span> <span class='ocrx_word' id='word_1_67' title='bbox 608 1239 686 1299; x_wconf 91' lang='lat' dir='ltr'><strong>quae</strong></span> <span class='ocrx_word' id='word_1_68' title='bbox 709 1221 789 1282; x_wconf 92' lang='lat' dir='ltr'><strong>casui</strong></span> <span class='ocrx_word' id='word_1_69' title='bbox 811 1222 855 1281; x_wconf 85' lang='lat' dir='ltr'><strong>vel</strong></span> <span class='ocrx_word' id='word_1_70' title='bbox 879 1221 1000 1282; x_wconf 90' lang='lat' dir='ltr'><strong>arbitrio</strong></span> <span class='ocrx_word' id='word_1_71' title='bbox 1024 1220 1187 1281; x_wconf 86' lang='lat' dir='ltr'><strong>scribarum</strong></span> <span class='ocrx_word' id='word_1_72' title='bbox 1212 1222 1300 1282; x_wconf 89' lang='lat' dir='ltr'><strong>tribui</strong></span> <span class='ocrx_word' id='word_1_73' title='bbox 1336 1222 1427 1300; x_wconf 90' lang='lat' dir='ltr'><strong>possit</strong></span> 
     </span>
     <span class='ocr_line' id='line_1_10' title="bbox 255 1318 1426 1399; baseline 0 -20"><span class='ocrx_word' id='word_1_74' title='bbox 255 1337 342 1381; x_wconf 92' lang='lat' dir='ltr'><strong>nemo</strong></span> <span class='ocrx_word' id='word_1_75' title='bbox 367 1318 494 1397; x_wconf 82' lang='lat' dir='ltr'><strong>negabit.</strong></span> <span class='ocrx_word' id='word_1_76' title='bbox 541 1320 596 1379; x_wconf 87' lang='lat' dir='ltr'><strong>Sed</strong></span> <span class='ocrx_word' id='word_1_77' title='bbox 623 1328 653 1380; x_wconf 92' lang='lat' dir='ltr'><strong>et</strong></span> <span class='ocrx_word' id='word_1_78' title='bbox 677 1320 769 1381; x_wconf 93' lang='lat' dir='ltr'><strong>multo</strong></span> <span class='ocrx_word' id='word_1_79' title='bbox 795 1320 939 1380; x_wconf 82' lang='lat' dir='ltr'><strong>minorem</strong></span> <span class='ocrx_word' id='word_1_80' title='bbox 964 1319 1176 1399; x_wconf 77' lang='lat' dir='ltr'><strong>Hieronymum</strong></span> <span class='ocrx_word' id='word_1_81' title='bbox 1201 1338 1288 1399; x_wconf 91' lang='lat' dir='ltr'><strong>quam</strong></span> <span class='ocrx_word' id='word_1_82' title='bbox 1312 1330 1426 1382; x_wconf 89' lang='lat' dir='ltr'><strong>ceteros</strong></span> 
     </span>
     <span class='ocr_line' id='line_1_11' title="bbox 254 1418 1427 1498; baseline 0.001 -20"><span class='ocrx_word' id='word_1_83' title='bbox 254 1437 414 1479; x_wconf 89' lang='lat' dir='ltr'><strong>numerum</strong></span> <span class='ocrx_word' id='word_1_84' title='bbox 438 1418 597 1478; x_wconf 89' lang='lat' dir='ltr'><strong>lectionum</strong></span> <span class='ocrx_word' id='word_1_85' title='bbox 622 1418 771 1497; x_wconf 75' lang='lat' dir='ltr'><strong>avulgata</strong></span> <span class='ocrx_word' id='word_1_86' title='bbox 794 1419 1024 1498; x_wconf 90' lang='lat' dir='ltr'><strong>discrepantium</strong></span> <span class='ocrx_word' id='word_1_87' title='bbox 1049 1419 1190 1497; x_wconf 87' lang='lat' dir='ltr'><strong>praebere</strong></span> <span class='ocrx_word' id='word_1_88' title='bbox 1208 1419 1304 1498; x_wconf 93' lang='lat' dir='ltr'><strong>primo</strong></span> <span class='ocrx_word' id='word_1_89' title='bbox 1321 1420 1427 1480; x_wconf 92' lang='lat' dir='ltr'><strong>obtutu</strong></span> 
     </span>
     <span class='ocr_line' id='line_1_12' title="bbox 254 1516 1426 1596; baseline 0.002 -19"><span class='ocrx_word' id='word_1_90' title='bbox 254 1516 439 1595; x_wconf 83' lang='lat' dir='ltr'><strong>perspicitur.</strong></span> <span class='ocrx_word' id='word_1_91' title='bbox 485 1522 580 1596; x_wconf 80' lang='lat' dir='ltr'><strong>Atque</strong></span> <span class='ocrx_word' id='word_1_92' title='bbox 603 1517 659 1577; x_wconf 90' lang='lat' dir='ltr'><strong>boc</strong></span> <span class='ocrx_word' id='word_1_93' title='bbox 688 1517 838 1578; x_wconf 89' lang='lat' dir='ltr'><strong>codicibus</strong></span> <span class='ocrx_word' id='word_1_94' title='bbox 862 1518 980 1578; x_wconf 85' lang='lat' dir='ltr'><strong>Graecis</strong></span> <span class='ocrx_word' id='word_1_95' title='bbox 1015 1537 1081 1577; x_wconf 88' lang='lat' dir='ltr'><strong>cum</strong></span> <span class='ocrx_word' id='word_1_96' title='bbox 1106 1517 1291 1579; x_wconf 85' lang='lat' dir='ltr'><strong>versionibus</strong></span> <span class='ocrx_word' id='word_1_97' title='bbox 1316 1517 1426 1579; x_wconf 84' lang='lat' dir='ltr'><strong>Latinis</strong></span> 
     </span>
     <span class='ocr_line' id='line_1_13' title="bbox 255 1615 773 1695; baseline -0.004 -18"><span class='ocrx_word' id='word_1_98' title='bbox 255 1615 364 1677; x_wconf 90' lang='lat' dir='ltr'><strong>collatis</strong></span> <span class='ocrx_word' id='word_1_99' title='bbox 388 1616 475 1676; x_wconf 89' lang='lat' dir='ltr'><strong>etiam</strong></span> <span class='ocrx_word' id='word_1_100' title='bbox 501 1616 592 1693; x_wconf 91' lang='lat' dir='ltr'><strong>magis</strong></span> <span class='ocrx_word' id='word_1_101' title='bbox 614 1616 773 1695; x_wconf 86' lang='lat' dir='ltr'><strong>apparebit.</strong></span> 
     </span>
    </p>

    <p class='ocr_par' dir='ltr' id='par_1_4' title="bbox 254 1715 1428 2585">
     <span class='ocr_line' id='line_1_14' title="bbox 342 1715 1428 1794; baseline 0.001 -20"><span class='ocrx_word' id='word_1_102' title='bbox 342 1715 475 1787; x_wconf 84' lang='lat' dir='ltr'><strong>Quorum</strong></span> <span class='ocrx_word' id='word_1_103' title='bbox 513 1715 563 1793; x_wconf 86' lang='lat' dir='ltr'><strong>qui</strong></span> <span class='ocrx_word' id='word_1_104' title='bbox 586 1716 661 1794; x_wconf 88' lang='lat' dir='ltr'><strong>apud</strong></span> <span class='ocrx_word' id='word_1_105' title='bbox 686 1716 813 1775; x_wconf 87' lang='lat' dir='ltr'><strong>editores</strong></span> <span class='ocrx_word' id='word_1_106' title='bbox 838 1715 995 1775; x_wconf 84' lang='lat' dir='ltr'><strong>maximam</strong></span> <span class='ocrx_word' id='word_1_107' title='bbox 1020 1715 1225 1777; x_wconf 91' lang='lat' dir='ltr'><strong>auctoritatem</strong></span> <span class='ocrx_word' id='word_1_108' title='bbox 1251 1715 1361 1776; x_wconf 89' lang='lat' dir='ltr'><strong>babent</strong></span> <span class='ocrx_word' id='word_1_109' title='bbox 1383 1715 1428 1775; x_wconf 93' lang='lat' dir='ltr'><strong>his</strong></span> 
     </span>
     <span class='ocr_line' id='line_1_15' title="bbox 254 1812 1427 1893; baseline 0.002 -20"><span class='ocrx_word' id='word_1_110' title='bbox 254 1812 359 1873; x_wconf 92' lang='lat' dir='ltr'><strong>litteris</strong></span> <span class='ocrx_word' id='word_1_111' title='bbox 384 1814 549 1891; x_wconf 89' lang='lat' dir='ltr'><strong>signantur:</strong></span> <span class='ocrx_word' id='word_1_112' title='bbox 572 1817 630 1875; x_wconf 74' lang='lat' dir='ltr'><strong>ux</strong></span> <span class='ocrx_word' id='word_1_113' title='bbox 655 1814 675 1873; x_wconf 88' lang='lat' dir='ltr'>B</span> <span class='ocrx_word' id='word_1_114' title='bbox 700 1813 720 1874; x_wconf 84' lang='lat' dir='ltr'>C</span> <span class='ocrx_word' id='word_1_115' title='bbox 750 1814 773 1873; x_wconf 86' lang='lat' dir='ltr'><strong>b</strong></span> <span class='ocrx_word' id='word_1_116' title='bbox 796 1814 818 1873; x_wconf 87' lang='lat' dir='ltr'>G</span> <span class='ocrx_word' id='word_1_117' title='bbox 844 1814 867 1874; x_wconf 90' lang='lat' dir='ltr'><strong>ll</strong></span> <span class='ocrx_word' id='word_1_118' title='bbox 892 1813 957 1891; x_wconf 71' lang='lat' dir='ltr'><strong>bl).</strong></span> <span class='ocrx_word' id='word_1_119' title='bbox 1015 1814 1037 1873; x_wconf 86' lang='lat' dir='ltr'>E</span> <span class='ocrx_word' id='word_1_120' title='bbox 1068 1823 1097 1875; x_wconf 89' lang='lat' dir='ltr'><strong>et</strong></span> <span class='ocrx_word' id='word_1_121' title='bbox 1124 1814 1145 1873; x_wconf 86' lang='lat' dir='ltr'>F</span> <span class='ocrx_word' id='word_1_122' title='bbox 1168 1834 1235 1875; x_wconf 95' lang='lat' dir='ltr'><strong>cum</strong></span> <span class='ocrx_word' id='word_1_123' title='bbox 1263 1815 1427 1893; x_wconf 89' lang='lat' dir='ltr'><strong>apographa</strong></span> 
     </span>
     <span class='ocr_line' id='line_1_16' title="bbox 256 1912 1426 1993; baseline -0.001 -20"><span class='ocrx_word' id='word_1_124' title='bbox 256 1912 324 1985; x_wconf 90' lang='lat' dir='ltr'><strong>sint,</strong></span> <span class='ocrx_word' id='word_1_125' title='bbox 359 1912 408 1973; x_wconf 91' lang='lat' dir='ltr'><strong>ille</strong></span> <span class='ocrx_word' id='word_1_126' title='bbox 431 1913 539 1973; x_wconf 88' lang='lat' dir='ltr'><strong>codicis</strong></span> <span class='ocrx_word' id='word_1_127' title='bbox 564 1913 595 1983; x_wconf 84' lang='lat' dir='ltr'><strong>ll,</strong></span> <span class='ocrx_word' id='word_1_128' title='bbox 630 1912 677 1973; x_wconf 91' lang='lat' dir='ltr'><strong>bic</strong></span> <span class='ocrx_word' id='word_1_129' title='bbox 700 1913 807 1973; x_wconf 88' lang='lat' dir='ltr'><strong>codicis</strong></span> <span class='ocrx_word' id='word_1_130' title='bbox 832 1913 865 1987; x_wconf 86' lang='lat' dir='ltr'><strong>G,</strong></span> <span class='ocrx_word' id='word_1_131' title='bbox 888 1914 1002 1989; x_wconf 83' lang='lat' dir='ltr'><strong>neglexi</strong></span> <span class='ocrx_word' id='word_1_132' title='bbox 1032 1932 1129 1993; x_wconf 88' lang='lat' dir='ltr'><strong>neque</strong></span> <span class='ocrx_word' id='word_1_133' title='bbox 1158 1932 1207 1974; x_wconf 90' lang='lat' dir='ltr'><strong>eos</strong></span> <span class='ocrx_word' id='word_1_134' title='bbox 1239 1914 1287 1992; x_wconf 91' lang='lat' dir='ltr'><strong>qui</strong></span> <span class='ocrx_word' id='word_1_135' title='bbox 1322 1930 1426 1993; x_wconf 89' lang='lat' dir='ltr'><strong>parum</strong></span> 
     </span>
     <span class='ocr_line' id='line_1_17' title="bbox 255 2011 1428 2091; baseline -0.001 -19"><span class='ocrx_word' id='word_1_136' title='bbox 255 2012 362 2090; x_wconf 90' lang='lat' dir='ltr'><strong>integri</strong></span> <span class='ocrx_word' id='word_1_137' title='bbox 386 2019 456 2072; x_wconf 91' lang='lat' dir='ltr'><strong>sunt</strong></span> <span class='ocrx_word' id='word_1_138' title='bbox 480 2021 512 2071; x_wconf 94' lang='lat' dir='ltr'><strong>ut</strong></span> <span class='ocrx_word' id='word_1_139' title='bbox 533 2013 560 2072; x_wconf 94' lang='lat' dir='ltr'>H</span> <span class='ocrx_word' id='word_1_140' title='bbox 583 2019 611 2072; x_wconf 89' lang='lat' dir='ltr'><strong>et</strong></span> <span class='ocrx_word' id='word_1_141' title='bbox 636 2012 656 2070; x_wconf 85' lang='grc' dir='ltr'>Ρ</span> <span class='ocrx_word' id='word_1_142' title='bbox 680 2011 787 2091; x_wconf 88' lang='lat' dir='ltr'><strong>aliique</strong></span> <span class='ocrx_word' id='word_1_143' title='bbox 810 2013 958 2072; x_wconf 86' lang='lat' dir='ltr'><strong>curandos</strong></span> <span class='ocrx_word' id='word_1_144' title='bbox 982 2032 1046 2072; x_wconf 89' lang='lat' dir='ltr'><strong>csse</strong></span> <span class='ocrx_word' id='word_1_145' title='bbox 1069 2013 1177 2091; x_wconf 87' lang='lat' dir='ltr'><strong>putari.</strong></span> <span class='ocrx_word' id='word_1_146' title='bbox 1222 2013 1308 2072; x_wconf 88' lang='lat' dir='ltr'><strong>Solos</strong></span> <span class='ocrx_word' id='word_1_147' title='bbox 1340 2012 1428 2091; x_wconf 91' lang='lat' dir='ltr'><strong>igitur</strong></span> 
     </span>
     <span class='ocr_line' id='line_1_18' title="bbox 255 2110 1427 2190; baseline -0.001 -19"><span class='ocrx_word' id='word_1_148' title='bbox 255 2129 329 2188; x_wconf 84' lang='lat' dir='ltr'><strong>quos</strong></span> <span class='ocrx_word' id='word_1_149' title='bbox 364 2110 511 2170; x_wconf 91' lang='lat' dir='ltr'><strong>nominavi</strong></span> <span class='ocrx_word' id='word_1_150' title='bbox 546 2111 670 2189; x_wconf 86' lang='lat' dir='ltr'><strong>respexi.</strong></span> <span class='ocrx_word' id='word_1_151' title='bbox 716 2110 797 2170; x_wconf 91' lang='lat' dir='ltr'><strong>lnter</strong></span> <span class='ocrx_word' id='word_1_152' title='bbox 820 2129 894 2189; x_wconf 93' lang='lat' dir='ltr'><strong>quos</strong></span> <span class='ocrx_word' id='word_1_153' title='bbox 917 2110 1044 2171; x_wconf 88' lang='lat' dir='ltr'><strong>maxime</strong></span> <span class='ocrx_word' id='word_1_154' title='bbox 1068 2111 1089 2169; x_wconf 83' lang='lat' dir='ltr'><strong>ll</strong></span> <span class='ocrx_word' id='word_1_155' title='bbox 1113 2119 1143 2171; x_wconf 93' lang='lat' dir='ltr'><strong>et</strong></span> <span class='ocrx_word' id='word_1_156' title='bbox 1165 2110 1189 2170; x_wconf 89' lang='lat' dir='ltr'><strong>G</strong></span> <span class='ocrx_word' id='word_1_157' title='bbox 1212 2110 1274 2171; x_wconf 85' lang='lat' dir='ltr'><strong>sive</strong></span> <span class='ocrx_word' id='word_1_158' title='bbox 1301 2120 1427 2190; x_wconf 86' lang='lat' dir='ltr'><strong>uterque</strong></span> 
     </span>
     <span class='ocr_line' id='line_1_19' title="bbox 255 2209 1426 2287; baseline 0 -19"><span class='ocrx_word' id='word_1_159' title='bbox 255 2227 307 2287; x_wconf 94' lang='lat' dir='ltr'><strong>per</strong></span> <span class='ocrx_word' id='word_1_160' title='bbox 329 2228 360 2269; x_wconf 92' lang='lat' dir='ltr'><strong>se</strong></span> <span class='ocrx_word' id='word_1_161' title='bbox 383 2210 443 2269; x_wconf 88' lang='lat' dir='ltr'><strong>sive</strong></span> <span class='ocrx_word' id='word_1_162' title='bbox 458 2210 505 2269; x_wconf 88' lang='lat' dir='ltr'><strong>vel</strong></span> <span class='ocrx_word' id='word_1_163' title='bbox 527 2210 606 2270; x_wconf 86' lang='lat' dir='ltr'><strong>inter</strong></span> <span class='ocrx_word' id='word_1_164' title='bbox 628 2229 659 2270; x_wconf 87' lang='lat' dir='ltr'><strong>se</strong></span> <span class='ocrx_word' id='word_1_165' title='bbox 675 2210 718 2270; x_wconf 91' lang='lat' dir='ltr'><strong>vel</strong></span> <span class='ocrx_word' id='word_1_166' title='bbox 742 2228 809 2270; x_wconf 90' lang='lat' dir='ltr'><strong>cum</strong></span> <span class='ocrx_word' id='word_1_167' title='bbox 826 2210 850 2268; x_wconf 89' lang='lat' dir='ltr'><strong>K</strong></span> <span class='ocrx_word' id='word_1_168' title='bbox 867 2209 889 2268; x_wconf 79' lang='lat' dir='ltr'><strong>t.</strong></span> <span class='ocrx_word' id='word_1_169' title='bbox 905 2209 1052 2270; x_wconf 89' lang='lat' dir='ltr'><strong>coniuncti</strong></span> <span class='ocrx_word' id='word_1_170' title='bbox 1076 2210 1285 2271; x_wconf 90' lang='lat' dir='ltr'><strong>discernuntur</strong></span> <span class='ocrx_word' id='word_1_171' title='bbox 1309 2217 1338 2269; x_wconf 87' lang='lat' dir='ltr'><strong>et</strong></span> <span class='ocrx_word' id='word_1_172' title='bbox 1360 2228 1426 2270; x_wconf 92' lang='lat' dir='ltr'><strong>cum</strong></span> 
     </span>
     <span class='ocr_line' id='line_1_20' title="bbox 256 2306 1426 2388; baseline 0.004 -25"><span class='ocrx_word' id='word_1_173' title='bbox 256 2306 291 2367; x_wconf 89' lang='lat' dir='ltr'><strong>iis</strong></span> <span class='ocrx_word' id='word_1_174' title='bbox 315 2306 411 2369; x_wconf 92' lang='lat' dir='ltr'><strong>Latini</strong></span> <span class='ocrx_word' id='word_1_175' title='bbox 436 2308 526 2385; x_wconf 88' lang='lat' dir='ltr'><strong>magis</strong></span> <span class='ocrx_word' id='word_1_176' title='bbox 549 2309 664 2386; x_wconf 90' lang='lat' dir='ltr'><strong>cognati</strong></span> <span class='ocrx_word' id='word_1_177' title='bbox 689 2328 752 2369; x_wconf 90' lang='lat' dir='ltr'><strong>esse</strong></span> <span class='ocrx_word' id='word_1_178' title='bbox 776 2308 974 2387; x_wconf 89' lang='lat' dir='ltr'><strong>reperiuntur.</strong></span> <span class='ocrx_word' id='word_1_179' title='bbox 1013 2310 1112 2388; x_wconf 88' lang='lat' dir='ltr'><strong>ltaque</strong></span> <span class='ocrx_word' id='word_1_180' title='bbox 1135 2308 1272 2387; x_wconf 89' lang='lat' dir='ltr'><strong>quotiens</strong></span> <span class='ocrx_word' id='word_1_181' title='bbox 1295 2308 1336 2368; x_wconf 91' lang='lat' dir='ltr'><strong>illi</strong></span> <span class='ocrx_word' id='word_1_182' title='bbox 1360 2327 1426 2369; x_wconf 92' lang='lat' dir='ltr'><strong>cum</strong></span> 
     </span>
     <span class='ocr_line' id='line_1_21' title="bbox 254 2406 1428 2488; baseline 0.002 -23"><span class='ocrx_word' id='word_1_183' title='bbox 254 2406 358 2465; x_wconf 88' lang='lat' dir='ltr'><strong>ceteris</strong></span> <span class='ocrx_word' id='word_1_184' title='bbox 392 2407 541 2467; x_wconf 84' lang='lat' dir='ltr'><strong>codicibus</strong></span> <span class='ocrx_word' id='word_1_185' title='bbox 565 2407 683 2469; x_wconf 88' lang='lat' dir='ltr'><strong>Graecis</strong></span> <span class='ocrx_word' id='word_1_186' title='bbox 713 2408 889 2488; x_wconf 89' lang='lat' dir='ltr'><strong>discrepant,</strong></span> <span class='ocrx_word' id='word_1_187' title='bbox 923 2416 1064 2487; x_wconf 89' lang='lat' dir='ltr'><strong>utrasque</strong></span> <span class='ocrx_word' id='word_1_188' title='bbox 1096 2407 1235 2469; x_wconf 89' lang='lat' dir='ltr'><strong>lectiones</strong></span> <span class='ocrx_word' id='word_1_189' title='bbox 1263 2425 1428 2487; x_wconf 87' lang='lat' dir='ltr'><strong>paucasque</strong></span> 
     </span>
     <span class='ocr_line' id='line_1_22' title="bbox 254 2504 1426 2585; baseline 0.002 -22"><span class='ocrx_word' id='word_1_190' title='bbox 254 2504 336 2577; x_wconf 87' lang='lat' dir='ltr'><strong>alias,</strong></span> <span class='ocrx_word' id='word_1_191' title='bbox 360 2523 435 2583; x_wconf 89' lang='lat' dir='ltr'><strong>quac</strong></span> <span class='ocrx_word' id='word_1_192' title='bbox 459 2524 511 2565; x_wconf 93' lang='lat' dir='ltr'><strong>cur</strong></span> <span class='ocrx_word' id='word_1_193' title='bbox 534 2515 838 2567; x_wconf 86' lang='lat' dir='ltr'><strong>commemorarentur</strong></span> <span class='ocrx_word' id='word_1_194' title='bbox 860 2514 930 2578; x_wconf 89' lang='lat' dir='ltr'><strong>erat,</strong></span> <span class='ocrx_word' id='word_1_195' title='bbox 954 2526 1041 2585; x_wconf 90' lang='lat' dir='ltr'><strong>supra</strong></span> <span class='ocrx_word' id='word_1_196' title='bbox 1059 2507 1143 2567; x_wconf 92' lang='lat' dir='ltr'><strong>attuli</strong></span> <span class='ocrx_word' id='word_1_197' title='bbox 1158 2516 1187 2568; x_wconf 87' lang='lat' dir='ltr'><strong>ot</strong></span> <span class='ocrx_word' id='word_1_198' title='bbox 1203 2507 1330 2568; x_wconf 92' lang='lat' dir='ltr'><strong>tabulam</strong></span> <span class='ocrx_word' id='word_1_199' title='bbox 1346 2507 1426 2567; x_wconf 90' lang='lat' dir='ltr'><strong>unde</strong></span> 
     </span>
    </p>
   </div>
   <div class='ocr_carea' id='block_1_3' title="bbox 170 2602 1427 3078">
    <p class='ocr_par' dir='ltr' id='par_1_5' title="bbox 170 2602 1427 3078">
     <span class='ocr_line' id='line_1_23' title="bbox 254 2602 1425 2685; baseline 0.004 -25"><span class='ocrx_word' id='word_1_200' title='bbox 254 2602 336 2663; x_wconf 90' lang='lat' dir='ltr'><strong>lacilc</strong></span> <span class='ocrx_word' id='word_1_201' title='bbox 357 2612 562 2681; x_wconf 89' lang='lat' dir='ltr'><strong>cognoscatur,</strong></span> <span class='ocrx_word' id='word_1_202' title='bbox 586 2623 642 2683; x_wconf 89' lang='lat' dir='ltr'><strong>qua</strong></span> <span class='ocrx_word' id='word_1_203' title='bbox 667 2605 782 2666; x_wconf 90' lang='lat' dir='ltr'><strong>ratione</strong></span> <span class='ocrx_word' id='word_1_204' title='bbox 799 2604 893 2665; x_wconf 86' lang='lat' dir='ltr'><strong>Latini</strong></span> <span class='ocrx_word' id='word_1_205' title='bbox 911 2625 977 2666; x_wconf 90' lang='lat' dir='ltr'><strong>cum</strong></span> <span class='ocrx_word' id='word_1_206' title='bbox 995 2606 1037 2666; x_wconf 88' lang='lat' dir='ltr'><strong>eis</strong></span> <span class='ocrx_word' id='word_1_207' title='bbox 1053 2605 1205 2666; x_wconf 91' lang='lat' dir='ltr'><strong>coniuncti</strong></span> <span class='ocrx_word' id='word_1_208' title='bbox 1221 2606 1291 2678; x_wconf 90' lang='lat' dir='ltr'><strong>sint,</strong></span> <span class='ocrx_word' id='word_1_209' title='bbox 1315 2624 1425 2685; x_wconf 92' lang='lat' dir='ltr'><strong>propo-</strong></span> 
     </span>
     <span class='ocr_line' id='line_1_24' title="bbox 256 2702 1426 2783; baseline 0.002 -23"><span class='ocrx_word' id='word_1_210' title='bbox 256 2718 343 2761; x_wconf 82' lang='lat' dir='ltr'><strong>nam.</strong></span> <span class='ocrx_word' id='word_1_211' title='bbox 379 2702 442 2774; x_wconf 85' lang='lat' dir='ltr'><strong>Qua</strong></span> <span class='ocrx_word' id='word_1_212' title='bbox 465 2702 494 2761; x_wconf 91' lang='lat' dir='ltr'><strong>in</strong></span> <span class='ocrx_word' id='word_1_213' title='bbox 519 2720 551 2763; x_wconf 91' lang='lat' dir='ltr'><strong>rc</strong></span> <span class='ocrx_word' id='word_1_214' title='bbox 575 2702 597 2763; x_wconf 88' lang='lat' dir='ltr'><strong>si</strong></span> <span class='ocrx_word' id='word_1_215' title='bbox 622 2721 697 2782; x_wconf 91' lang='lat' dir='ltr'><strong>quae</strong></span> <span class='ocrx_word' id='word_1_216' title='bbox 722 2704 907 2765; x_wconf 83' lang='lat' dir='ltr'><strong>versionum</strong></span> <span class='ocrx_word' id='word_1_217' title='bbox 932 2704 977 2764; x_wconf 87' lang='lat' dir='ltr'><strong>bis</strong></span> <span class='ocrx_word' id='word_1_218' title='bbox 1000 2723 1060 2765; x_wconf 92' lang='lat' dir='ltr'><strong>non</strong></span> <span class='ocrx_word' id='word_1_219' title='bbox 1086 2723 1209 2783; x_wconf 91' lang='lat' dir='ltr'><strong>prorsus</strong></span> <span class='ocrx_word' id='word_1_220' title='bbox 1231 2704 1350 2783; x_wconf 88' lang='lat' dir='ltr'><strong>quidem</strong></span> <span class='ocrx_word' id='word_1_221' title='bbox 1375 2703 1426 2763; x_wconf 89' lang='lat' dir='ltr'><strong>sed</strong></span> 
     </span>
     <span class='ocr_line' id='line_1_25' title="bbox 170 2800 1426 2879; baseline 0.002 -20"><span class='ocrx_word' id='word_1_222' title='bbox 170 2872 174 2877; x_wconf 10' lang='lat' dir='ltr'><strong>g</strong></span> <span class='ocrx_word' id='word_1_223' title='bbox 254 2800 347 2877; x_wconf 89' lang='lat' dir='ltr'><strong>magis</strong></span> <span class='ocrx_word' id='word_1_224' title='bbox 371 2819 458 2879; x_wconf 92' lang='lat' dir='ltr'><strong>quam</strong></span> <span class='ocrx_word' id='word_1_225' title='bbox 483 2819 550 2861; x_wconf 89' lang='lat' dir='ltr'><strong>cum</strong></span> <span class='ocrx_word' id='word_1_226' title='bbox 574 2802 679 2861; x_wconf 91' lang='lat' dir='ltr'><strong>ceteris</strong></span> <span class='ocrx_word' id='word_1_227' title='bbox 704 2800 854 2863; x_wconf 88' lang='lat' dir='ltr'><strong>codicibus</strong></span> <span class='ocrx_word' id='word_1_228' title='bbox 878 2802 995 2863; x_wconf 87' lang='lat' dir='ltr'><strong>Graecis</strong></span> <span class='ocrx_word' id='word_1_229' title='bbox 1020 2802 1197 2873; x_wconf 86' lang='lat' dir='ltr'><strong>consentiat,</strong></span> <span class='ocrx_word' id='word_1_230' title='bbox 1219 2804 1282 2864; x_wconf 89' lang='lat' dir='ltr'><strong>eius</strong></span> <span class='ocrx_word' id='word_1_231' title='bbox 1299 2803 1426 2863; x_wconf 91' lang='lat' dir='ltr'><strong>litteram</strong></span> 
     </span>
     <span class='ocr_line' id='line_1_26' title="bbox 253 2898 1427 2980; baseline 0.002 -22"><span class='ocrx_word' id='word_1_232' title='bbox 253 2898 338 2958; x_wconf 88' lang='lat' dir='ltr'><strong>uncis</strong></span> <span class='ocrx_word' id='word_1_233' title='bbox 362 2899 519 2960; x_wconf 89' lang='lat' dir='ltr'><strong>includam.</strong></span> <span class='ocrx_word' id='word_1_234' title='bbox 551 2900 632 2971; x_wconf 85' lang='lat' dir='ltr'><strong>Quae</strong></span> <span class='ocrx_word' id='word_1_235' title='bbox 654 2900 683 2961; x_wconf 90' lang='lat' dir='ltr'><strong>in</strong></span> <span class='ocrx_word' id='word_1_236' title='bbox 708 2901 877 2962; x_wconf 90' lang='lat' dir='ltr'><strong>coniectura</strong></span> <span class='ocrx_word' id='word_1_237' title='bbox 901 2901 993 2980; x_wconf 91' lang='lat' dir='ltr'><strong>posita</strong></span> <span class='ocrx_word' id='word_1_238' title='bbox 1010 2902 1080 2974; x_wconf 87' lang='lat' dir='ltr'><strong>sint,</strong></span> <span class='ocrx_word' id='word_1_239' title='bbox 1103 2902 1254 2975; x_wconf 86' lang='lat' dir='ltr'><strong>asterisco,</strong></span> <span class='ocrx_word' id='word_1_240' title='bbox 1278 2902 1327 2961; x_wconf 95' lang='lat' dir='ltr'><strong>ubi</strong></span> <span class='ocrx_word' id='word_1_241' title='bbox 1343 2902 1427 2962; x_wconf 89' lang='lat' dir='ltr'><strong>testi-</strong></span> 
     </span>
     <span class='ocr_line' id='line_1_27' title="bbox 255 2997 1204 3078; baseline 0.004 -21"><span class='ocrx_word' id='word_1_242' title='bbox 255 2997 388 3058; x_wconf 92' lang='lat' dir='ltr'><strong>monium</strong></span> <span class='ocrx_word' id='word_1_243' title='bbox 413 2998 554 3059; x_wconf 86' lang='lat' dir='ltr'><strong>Victorini</strong></span> <span class='ocrx_word' id='word_1_244' title='bbox 578 2998 663 3072; x_wconf 85' lang='lat' dir='ltr'><strong>desit,</strong></span> <span class='ocrx_word' id='word_1_245' title='bbox 688 3000 927 3078; x_wconf 88' lang='lat' dir='ltr'><strong>interrogationis</strong></span> <span class='ocrx_word' id='word_1_246' title='bbox 950 3000 1035 3077; x_wconf 90' lang='lat' dir='ltr'><strong>signo</strong></span> <span class='ocrx_word' id='word_1_247' title='bbox 1058 3000 1204 3061; x_wconf 92' lang='lat' dir='ltr'><strong>indicabo.</strong></span> 
     </span>
    </p>
   </div>
   <div class='ocr_carea' id='block_1_4' title="bbox 254 3220 1378 4270">
    <p class='ocr_par' dir='ltr' id='par_1_6' title="bbox 269 3220 1377 3489">
     <span class='ocr_line' id='line_1_28' title="bbox 281 3220 1355 3300; baseline 0.001 -19"><span class='ocrx_word' id='word_1_248' title='bbox 281 3220 345 3293; x_wconf 76' lang='lat' dir='ltr'><strong>uc</strong></span> <span class='ocrx_word' id='word_1_249' title='bbox 404 3221 483 3300; x_wconf 73' lang='lat' dir='ltr'><strong>mm</strong></span> <span class='ocrx_word' id='word_1_250' title='bbox 660 3223 748 3293; x_wconf 72' lang='lat' dir='ltr'><strong>unc</strong></span> <span class='ocrx_word' id='word_1_251' title='bbox 1055 3221 1355 3297; x_wconf 69' lang='lat' dir='ltr'><strong>urermucxa</strong></span> 
     </span>
     <span class='ocr_line' id='line_1_29' title="bbox 308 3320 1377 3402; baseline 0.003 -24"><span class='ocrx_word' id='word_1_252' title='bbox 308 3320 406 3380; x_wconf 81' lang='lat' dir='ltr'><strong>reru</strong></span> <span class='ocrx_word' id='word_1_253' title='bbox 462 3320 562 3381; x_wconf 84' lang='lat' dir='ltr'><strong>exn</strong></span> <span class='ocrx_word' id='word_1_254' title='bbox 709 3322 973 3383; x_wconf 70' lang='lat' dir='ltr'><strong>terunciu</strong></span> <span class='ocrx_word' id='word_1_255' title='bbox 1111 3323 1149 3383; x_wconf 81' lang='lat' dir='ltr'><strong>rs</strong></span> <span class='ocrx_word' id='word_1_256' title='bbox 1233 3321 1377 3402; x_wconf 74' lang='lat' dir='ltr'><strong>(marr</strong></span> 
     </span>
     <span class='ocr_line' id='line_1_30' title="bbox 269 3418 1272 3489; baseline 0.005 -12"><span class='ocrx_word' id='word_1_257' title='bbox 269 3418 345 3489; x_wconf 79' lang='lat' dir='ltr'><strong>ne</strong></span> <span class='ocrx_word' id='word_1_258' title='bbox 460 3419 560 3479; x_wconf 79' lang='lat' dir='ltr'><strong>cart</strong></span> <span class='ocrx_word' id='word_1_259' title='bbox 831 3420 854 3482; x_wconf 86' lang='lat' dir='ltr'><strong>u</strong></span> <span class='ocrx_word' id='word_1_260' title='bbox 1107 3422 1142 3481; x_wconf 80' lang='lat' dir='ltr'><strong>m</strong></span> <span class='ocrx_word' id='word_1_261' title='bbox 1251 3422 1272 3482; x_wconf 90' lang='lat' dir='ltr'><strong>c</strong></span> 
     </span>
    </p>

    <p class='ocr_par' dir='ltr' id='par_1_7' title="bbox 254 3515 1358 3778">
     <span class='ocr_line' id='line_1_31' title="bbox 254 3515 1358 3596; baseline 0.005 -22"><span class='ocrx_word' id='word_1_262' title='bbox 254 3515 339 3586; x_wconf 77' lang='lat' dir='ltr'><strong>mm</strong></span> <span class='ocrx_word' id='word_1_263' title='bbox 445 3516 553 3596; x_wconf 75' lang='lat' dir='ltr'><strong>(ma</strong></span> <span class='ocrx_word' id='word_1_264' title='bbox 685 3519 749 3591; x_wconf 75' lang='lat' dir='ltr'><strong>ue</strong></span> <span class='ocrx_word' id='word_1_265' title='bbox 942 3521 973 3579; x_wconf 86' lang='lat' dir='ltr'><strong>u</strong></span> <span class='ocrx_word' id='word_1_266' title='bbox 1108 3519 1358 3581; x_wconf 65' lang='lat' dir='ltr'><strong>terunciu</strong></span> 
     </span>
     <span class='ocr_line' id='line_1_32' title="bbox 708 3617 1357 3680; baseline 0.003 -3"><span class='ocrx_word' id='word_1_267' title='bbox 708 3617 867 3678; x_wconf 79' lang='lat' dir='ltr'><strong>terune</strong></span> <span class='ocrx_word' id='word_1_268' title='bbox 890 3621 912 3677; x_wconf 85' lang='lat' dir='ltr'><strong>x</strong></span> <span class='ocrx_word' id='word_1_269' title='bbox 939 3620 972 3679; x_wconf 84' lang='lat' dir='ltr'><strong>u</strong></span> <span class='ocrx_word' id='word_1_270' title='bbox 1107 3619 1357 3680; x_wconf 78' lang='lat' dir='ltr'><strong>-Vuncxvt</strong></span> 
     </span>
     <span class='ocr_line' id='line_1_33' title="bbox 543 3714 1346 3778; baseline 0.005 -4"><span class='ocrx_word' id='word_1_271' title='bbox 543 3761 549 3774; x_wconf 94' lang='lat'><strong>.</strong></span> <span class='ocrx_word' id='word_1_272' title='bbox 704 3716 972 3777; x_wconf 76' lang='lat' dir='ltr'><strong>earuncxn</strong></span> <span class='ocrx_word' id='word_1_273' title='bbox 1107 3716 1148 3778; x_wconf 81' lang='lat'><strong>29</strong></span> <span class='ocrx_word' id='word_1_274' title='bbox 1286 3714 1346 3778; x_wconf 75' lang='lat' dir='ltr'><strong>x?</strong></span> 
     </span>
    </p>

    <p class='ocr_par' dir='ltr' id='par_1_8' title="bbox 666 3814 1378 3975">
     <span class='ocr_line' id='line_1_34' title="bbox 666 3814 1147 3895; baseline 0.006 -23"><span class='ocrx_word' id='word_1_275' title='bbox 666 3814 742 3887; x_wconf 85' lang='lat' dir='ltr'><strong>nc</strong></span> <span class='ocrx_word' id='word_1_276' title='bbox 832 3816 985 3895; x_wconf 65' lang='lat' dir='ltr'><strong>(cpxtm</strong></span> <span class='ocrx_word' id='word_1_277' title='bbox 1063 3817 1147 3885; x_wconf 78' lang='lat' dir='ltr'><strong>rur</strong></span> 
     </span>
     <span class='ocr_line' id='line_1_35' title="bbox 705 3912 1378 3975; baseline 0.004 -4"><span class='ocrx_word' id='word_1_278' title='bbox 705 3912 742 3971; x_wconf 82' lang='lat' dir='ltr'><strong>tc</strong></span> <span class='ocrx_word' id='word_1_279' title='bbox 889 3915 971 3975; x_wconf 63' lang='lat' dir='ltr'><strong>neu</strong></span> <span class='ocrx_word' id='word_1_280' title='bbox 1129 3915 1147 3974; x_wconf 89' lang='lat' dir='ltr'><strong>e</strong></span> <span class='ocrx_word' id='word_1_281' title='bbox 1250 3912 1378 3975; x_wconf 81' lang='lat' dir='ltr'><strong>cu*</strong></span> 
     </span>
    </p>

    <p class='ocr_par' dir='ltr' id='par_1_9' title="bbox 308 4008 1355 4270">
     <span class='ocr_line' id='line_1_36' title="bbox 327 4008 1146 4083; baseline 0.007 -16"><span class='ocrx_word' id='word_1_282' title='bbox 327 4008 404 4068; x_wconf 77' lang='lat' dir='ltr'><strong>orn</strong></span> <span class='ocrx_word' id='word_1_283' title='bbox 457 4009 557 4068; x_wconf 82' lang='lat' dir='ltr'><strong>cau</strong></span> <span class='ocrx_word' id='word_1_284' title='bbox 650 4009 740 4083; x_wconf 74' lang='lat' dir='ltr'><strong>ute</strong></span> <span class='ocrx_word' id='word_1_285' title='bbox 891 4014 914 4073; x_wconf 87' lang='lat' dir='ltr'><strong>x</strong></span> <span class='ocrx_word' id='word_1_286' title='bbox 1109 4014 1146 4072; x_wconf 83' lang='lat'><strong>15</strong></span> 
     </span>
     <span class='ocr_line' id='line_1_37' title="bbox 308 4106 1355 4183; baseline 0.004 -18"><span class='ocrx_word' id='word_1_287' title='bbox 308 4106 476 4167; x_wconf 82' lang='lat' dir='ltr'><strong>terune</strong></span> <span class='ocrx_word' id='word_1_288' title='bbox 526 4108 557 4169; x_wconf 76' lang='lat' dir='ltr'><strong>ri</strong></span> <span class='ocrx_word' id='word_1_289' title='bbox 705 4110 740 4168; x_wconf 86' lang='lat' dir='ltr'><strong>tt</strong></span> <span class='ocrx_word' id='word_1_290' title='bbox 944 4110 961 4172; x_wconf 70' lang='lat' dir='ltr'><strong>a</strong></span> <span class='ocrx_word' id='word_1_291' title='bbox 1077 4111 1355 4183; x_wconf 84' lang='lat' dir='ltr'><strong>v‚tvuncxu</strong></span> 
     </span>
     <span class='ocr_line' id='line_1_38' title="bbox 1128 4209 1353 4270; baseline -0.009 0"><span class='ocrx_word' id='word_1_292' title='bbox 1128 4211 1146 4270; x_wconf 84' lang='lat' dir='ltr'><strong>r</strong></span> <span class='ocrx_word' id='word_1_293' title='bbox 1320 4209 1353 4268; x_wconf 83' lang='lat' dir='ltr'><strong>vr</strong></span> 
     </span>
    </p>
   </div>
   <div class='ocr_carea' id='block_1_5' title="bbox 258 4376 467 4385">
    <p class='ocr_par' dir='ltr' id='par_1_10' title="bbox 258 4376 467 4385">
     <span class='ocr_line' id='line_1_39' title="bbox 258 4376 467 4385; baseline 0 -2"><span class='ocrx_word' id='word_1_294' title='bbox 258 4376 467 4385; x_wconf 71' lang='lat'><em>-.—-...--.-.....-</em></span> 
     </span>
    </p>
   </div>
   <div class='ocr_carea' id='block_1_6' title="bbox 320 4495 1321 4552">
    <p class='ocr_par' dir='ltr' id='par_1_11' title="bbox 320 4495 1321 4552">
     <span class='ocr_line' id='line_1_40' title="bbox 320 4495 1321 4552; baseline 0.002 -2"><span class='ocrx_word' id='word_1_295' title='bbox 320 4496 338 4550; x_wconf 88' lang='lat' dir='ltr'><strong>¹l</strong></span> <span class='ocrx_word' id='word_1_296' title='bbox 358 4495 422 4547; x_wconf 87' lang='lat' dir='ltr'><strong>Usus</strong></span> <span class='ocrx_word' id='word_1_297' title='bbox 441 4512 496 4547; x_wconf 89' lang='lat' dir='ltr'><strong>sum</strong></span> <span class='ocrx_word' id='word_1_298' title='bbox 516 4495 630 4547; x_wconf 85' lang='lat' dir='ltr'><strong>editione</strong></span> <span class='ocrx_word' id='word_1_299' title='bbox 650 4496 813 4549; x_wconf 87' lang='lat' dir='ltr'><strong>Constantini</strong></span> <span class='ocrx_word' id='word_1_300' title='bbox 832 4498 1003 4549; x_wconf 85' lang='lat' dir='ltr'><strong>Tisebendorl</strong></span> <span class='ocrx_word' id='word_1_301' title='bbox 1020 4498 1083 4550; x_wconf 86' lang='lat' dir='ltr'><strong>Vlll.</strong></span> <span class='ocrx_word' id='word_1_302' title='bbox 1105 4501 1199 4551; x_wconf 82' lang='lat' dir='ltr'><strong>critica</strong></span> <span class='ocrx_word' id='word_1_303' title='bbox 1217 4501 1321 4552; x_wconf 90' lang='lat' dir='ltr'><strong>maiore.</strong></span> 
     </span>
    </p>
   </div>
   <div class='ocr_carea' id='block_1_7' title="bbox 0 0 1654 5109">
    <p class='ocr_par' dir='ltr' id='par_1_12' title="bbox 0 0 1654 5109">
     <span class='ocr_line' id='line_1_41' title="bbox 0 0 1654 5109; baseline 0 0"><span class='ocrx_word' id='word_1_304' title='bbox 0 0 1654 5109; x_wconf 95' lang='lat' dir='ltr'><strong> </strong></span> 
     </span>
    </p>
   </div>
  </div>
 </body>
</html>
