<?xml version="1.0" encoding="UTF-8"?>
<!DOCTYPE html PUBLIC "-//W3C//DTD XHTML 1.0 Transitional//EN"
    "http://www.w3.org/TR/xhtml1/DTD/xhtml1-transitional.dtd">
<html xmlns="http://www.w3.org/1999/xhtml" xml:lang="en" lang="en">
 <head>
  <title>
</title>
<meta http-equiv="Content-Type" content="text/html;charset=utf-8" />
  <meta name='ocr-system' content='tesseract 3.04.00' />
  <meta name='ocr-capabilities' content='ocr_page ocr_carea ocr_par ocr_line ocrx_word'/>
</head>
<body>
  <div class='ocr_page' id='page_1' title='image "./epistulaadgalat00corsgoog_0038.png"; bbox 0 0 3300 5109; ppageno 0'>
   <div class='ocr_carea' id='block_1_1' title="bbox 737 380 960 444">
    <p class='ocr_par' dir='ltr' id='par_1_1' title="bbox 737 380 960 444">
     <span class='ocr_line' id='line_1_1' title="bbox 737 380 960 444; baseline -0.009 -17"><span class='ocrx_word' id='word_1_1' title='bbox 737 380 960 444; x_wconf 80' lang='lat'>...34-</span> 
     </span>
    </p>
   </div>
   <div class='ocr_carea' id='block_1_2' title="bbox 266 555 1438 2122">
    <p class='ocr_par' dir='ltr' id='par_1_2' title="bbox 266 555 1438 2122">
     <span class='ocr_line' id='line_1_2' title="bbox 267 555 1438 642; baseline -0.006 -19"><span class='ocrx_word' id='word_1_2' title='bbox 267 580 342 642; x_wconf 89' lang='lat' dir='ltr'><strong>quae</strong></span> <span class='ocrx_word' id='word_1_3' title='bbox 364 559 399 622; x_wconf 87' lang='lat' dir='ltr'><strong>ab</strong></span> <span class='ocrx_word' id='word_1_4' title='bbox 426 558 604 639; x_wconf 75' lang='lat' dir='ltr'>Hieronymo</span> <span class='ocrx_word' id='word_1_5' title='bbox 628 559 847 638; x_wconf 70' lang='lat' dir='ltr'><strong>respondentur</strong></span> <span class='ocrx_word' id='word_1_6' title='bbox 864 555 960 617; x_wconf 92' lang='lat' dir='ltr'><strong>verbis</strong></span> <span class='ocrx_word' id='word_1_7' title='bbox 975 555 1133 636; x_wconf 78' lang='lat' dir='ltr'>Augustini</span> <span class='ocrx_word' id='word_1_8' title='bbox 1154 555 1378 617; x_wconf 78' lang='lat' dir='ltr'><strong>contradicitur:</strong></span> <span class='ocrx_word' id='word_1_9' title='bbox 1402 556 1438 616; x_wconf 89' lang='lat' dir='ltr'><strong>‘si</strong></span> 
     </span>
     <span class='ocr_line' id='line_1_3' title="bbox 266 654 1436 735; baseline -0.005 -14"><span class='ocrx_word' id='word_1_10' title='bbox 266 679 315 721; x_wconf 89' lang='lat' dir='ltr'><strong>mo</strong></span> <span class='ocrx_word' id='word_1_11' title='bbox 348 667 382 721; x_wconf 91' lang='lat' dir='ltr'><strong>ut</strong></span> <span class='ocrx_word' id='word_1_12' title='bbox 416 658 488 720; x_wconf 91' lang='lat' dir='ltr'><strong>dicis</strong></span> <span class='ocrx_word' id='word_1_13' title='bbox 522 659 553 719; x_wconf 93' lang='lat' dir='ltr'><strong>in</strong></span> <span class='ocrx_word' id='word_1_14' title='bbox 575 658 667 719; x_wconf 88' lang='lat' dir='ltr'><strong>Novi</strong></span> <span class='ocrx_word' id='word_1_15' title='bbox 697 656 879 718; x_wconf 81' lang='lat' dir='ltr'><strong>Testamenti</strong></span> <span class='ocrx_word' id='word_1_16' title='bbox 913 654 1121 716; x_wconf 85' lang='lat' dir='ltr'><strong>emendatione</strong></span> <span class='ocrx_word' id='word_1_17' title='bbox 1154 654 1436 735; x_wconf 90' lang='lat' dir='ltr'><strong>suscipis...</strong></span> 
     </span>
     <span class='ocr_line' id='line_1_4' title="bbox 268 751 1437 837; baseline -0.006 -17"><span class='ocrx_word' id='word_1_18' title='bbox 268 759 403 820; x_wconf 90' lang='lat' dir='ltr'><strong>eamdem</strong></span> <span class='ocrx_word' id='word_1_19' title='bbox 421 756 619 837; x_wconf 82' lang='lat' dir='ltr'><strong>integritatem</strong></span> <span class='ocrx_word' id='word_1_20' title='bbox 637 756 780 818; x_wconf 87' lang='lat' dir='ltr'><strong>debueras</strong></span> <span class='ocrx_word' id='word_1_21' title='bbox 797 755 886 817; x_wconf 84' lang='lat' dir='ltr'><strong>etiem</strong></span> <span class='ocrx_word' id='word_1_22' title='bbox 902 754 934 816; x_wconf 95' lang='lat' dir='ltr'><strong>in</strong></span> <span class='ocrx_word' id='word_1_23' title='bbox 947 753 1044 815; x_wconf 89' lang='lat' dir='ltr'><strong>Veteri</strong></span> <span class='ocrx_word' id='word_1_24' title='bbox 1056 754 1177 816; x_wconf 92' lang='lat' dir='ltr'><strong>credere</strong></span> <span class='ocrx_word' id='word_1_25' title='bbox 1188 752 1389 815; x_wconf 88' lang='lat' dir='ltr'><strong>Testamento&#39;</strong></span> <span class='ocrx_word' id='word_1_26' title='bbox 1400 751 1437 832; x_wconf 78' lang='grc'><strong>1).</strong></span> 
     </span>
     <span class='ocr_line' id='line_1_5' title="bbox 268 852 1436 935; baseline -0.003 -18"><span class='ocrx_word' id='word_1_27' title='bbox 268 857 330 919; x_wconf 92' lang='lat' dir='ltr'><strong>Hoc</strong></span> <span class='ocrx_word' id='word_1_28' title='bbox 353 857 433 918; x_wconf 91' lang='lat' dir='ltr'><strong>enim</strong></span> <span class='ocrx_word' id='word_1_29' title='bbox 465 856 561 917; x_wconf 90' lang='lat' dir='ltr'><strong>dicere</strong></span> <span class='ocrx_word' id='word_1_30' title='bbox 584 856 690 935; x_wconf 87' lang='lat' dir='ltr'><strong>potuit,</strong></span> <span class='ocrx_word' id='word_1_31' title='bbox 719 854 778 915; x_wconf 91' lang='lat' dir='ltr'><strong>sive</strong></span> <span class='ocrx_word' id='word_1_32' title='bbox 801 873 891 915; x_wconf 91' lang='lat' dir='ltr'><strong>omne</strong></span> <span class='ocrx_word' id='word_1_33' title='bbox 914 853 948 913; x_wconf 84' lang='grc' dir='ltr'><strong>Ν.</strong></span> <span class='ocrx_word' id='word_1_34' title='bbox 972 853 1006 914; x_wconf 88' lang='lat' dir='ltr'><strong>T.</strong></span> <span class='ocrx_word' id='word_1_35' title='bbox 1029 852 1090 914; x_wconf 91' lang='lat' dir='ltr'><strong>sive</strong></span> <span class='ocrx_word' id='word_1_36' title='bbox 1113 862 1226 932; x_wconf 91' lang='lat' dir='ltr'><strong>partem</strong></span> <span class='ocrx_word' id='word_1_37' title='bbox 1250 852 1313 913; x_wconf 91' lang='lat' dir='ltr'><strong>eius</strong></span> <span class='ocrx_word' id='word_1_38' title='bbox 1335 870 1436 913; x_wconf 90' lang='lat' dir='ltr'><strong>emen-</strong></span> 
     </span>
     <span class='ocr_line' id='line_1_6' title="bbox 267 950 1438 1033; baseline -0.005 -16"><span class='ocrx_word' id='word_1_39' title='bbox 267 957 393 1030; x_wconf 87' lang='lat' dir='ltr'><strong>daverat,</strong></span> <span class='ocrx_word' id='word_1_40' title='bbox 419 973 486 1016; x_wconf 89' lang='lat' dir='ltr'><strong>cum</strong></span> <span class='ocrx_word' id='word_1_41' title='bbox 510 954 582 1016; x_wconf 90' lang='lat' dir='ltr'><strong>nihil</strong></span> <span class='ocrx_word' id='word_1_42' title='bbox 606 953 683 1015; x_wconf 91' lang='lat' dir='ltr'><strong>aliud</strong></span> <span class='ocrx_word' id='word_1_43' title='bbox 707 954 873 1033; x_wconf 87' lang='lat' dir='ltr'><strong>significare</strong></span> <span class='ocrx_word' id='word_1_44' title='bbox 894 952 981 1013; x_wconf 89' lang='lat' dir='ltr'><strong>vellet</strong></span> <span class='ocrx_word' id='word_1_45' title='bbox 1003 952 1062 1013; x_wconf 90' lang='lat' dir='ltr'><strong>uisi</strong></span> <span class='ocrx_word' id='word_1_46' title='bbox 1077 951 1196 1014; x_wconf 88' lang='lat' dir='ltr'><strong>easdem</strong></span> <span class='ocrx_word' id='word_1_47' title='bbox 1216 950 1347 1013; x_wconf 88' lang='lat' dir='ltr'><strong>rationes</strong></span> <span class='ocrx_word' id='word_1_48' title='bbox 1363 969 1438 1030; x_wconf 88' lang='lat' dir='ltr'><strong>quae</strong></span> 
     </span>
     <span class='ocr_line' id='line_1_7' title="bbox 266 1049 1437 1133; baseline -0.005 -17"><span class='ocrx_word' id='word_1_49' title='bbox 266 1055 297 1116; x_wconf 94' lang='lat' dir='ltr'><strong>in</strong></span> <span class='ocrx_word' id='word_1_50' title='bbox 321 1054 508 1117; x_wconf 89' lang='lat' dir='ltr'><strong>emendando</strong></span> <span class='ocrx_word' id='word_1_51' title='bbox 531 1053 566 1114; x_wconf 90' lang='lat' dir='ltr'><strong>N.</strong></span> <span class='ocrx_word' id='word_1_52' title='bbox 589 1052 623 1113; x_wconf 92' lang='lat' dir='ltr'><strong>T.</strong></span> <span class='ocrx_word' id='word_1_53' title='bbox 647 1052 826 1133; x_wconf 85' lang='lat' dir='ltr'><strong>approbatae</strong></span> <span class='ocrx_word' id='word_1_54' title='bbox 863 1051 923 1113; x_wconf 92' lang='lat' dir='ltr'><strong>siut</strong></span> <span class='ocrx_word' id='word_1_55' title='bbox 957 1051 987 1110; x_wconf 94' lang='lat' dir='ltr'><strong>in</strong></span> <span class='ocrx_word' id='word_1_56' title='bbox 1009 1052 1112 1113; x_wconf 90' lang='lat' dir='ltr'><strong>Vetere</strong></span> <span class='ocrx_word' id='word_1_57' title='bbox 1145 1070 1208 1112; x_wconf 92' lang='lat' dir='ltr'><strong>non</strong></span> <span class='ocrx_word' id='word_1_58' title='bbox 1242 1069 1329 1130; x_wconf 89' lang='lat' dir='ltr'><strong>posse</strong></span> <span class='ocrx_word' id='word_1_59' title='bbox 1357 1049 1437 1111; x_wconf 90' lang='lat' dir='ltr'><strong>reici.</strong></span> 
     </span>
     <span class='ocr_line' id='line_1_8' title="bbox 267 1148 1437 1233; baseline -0.003 -20"><span class='ocrx_word' id='word_1_60' title='bbox 267 1154 367 1233; x_wconf 88' lang='lat' dir='ltr'><strong>ltaque</strong></span> <span class='ocrx_word' id='word_1_61' title='bbox 390 1152 501 1215; x_wconf 88' lang='lat' dir='ltr'><strong>llaulen</strong></span> <span class='ocrx_word' id='word_1_62' title='bbox 526 1172 561 1213; x_wconf 81' lang='lat' dir='ltr'><strong>er</strong></span> <span class='ocrx_word' id='word_1_63' title='bbox 584 1151 629 1213; x_wconf 92' lang='lat' dir='ltr'><strong>his</strong></span> <span class='ocrx_word' id='word_1_64' title='bbox 652 1152 724 1213; x_wconf 93' lang='lat' dir='ltr'><strong>locis</strong></span> <span class='ocrx_word' id='word_1_65' title='bbox 747 1186 787 1195; x_wconf 90' lang='lat'><em>-</em></span> <span class='ocrx_word' id='word_1_66' title='bbox 812 1170 879 1211; x_wconf 86' lang='lat' dir='ltr'><strong>nam</strong></span> <span class='ocrx_word' id='word_1_67' title='bbox 903 1150 939 1211; x_wconf 91' lang='lat' dir='ltr'><strong>de</strong></span> <span class='ocrx_word' id='word_1_68' title='bbox 962 1149 1069 1231; x_wconf 86' lang='lat' dir='ltr'><strong>quibos</strong></span> <span class='ocrx_word' id='word_1_69' title='bbox 1093 1149 1157 1210; x_wconf 83' lang='lat' dir='ltr'><strong>aliis</strong></span> <span class='ocrx_word' id='word_1_70' title='bbox 1180 1148 1309 1228; x_wconf 90' lang='lat' dir='ltr'><strong>cogitare</strong></span> <span class='ocrx_word' id='word_1_71' title='bbox 1331 1156 1437 1228; x_wconf 89' lang='lat' dir='ltr'><strong>potue·</strong></span> 
     </span>
     <span class='ocr_line' id='line_1_9' title="bbox 266 1246 1438 1327; baseline -0.006 -14"><span class='ocrx_word' id='word_1_72' title='bbox 266 1252 306 1313; x_wconf 90' lang='lat' dir='ltr'><strong>rit</strong></span> <span class='ocrx_word' id='word_1_73' title='bbox 329 1251 429 1314; x_wconf 90' lang='lat' dir='ltr'><strong>nescio</strong></span> <span class='ocrx_word' id='word_1_74' title='bbox 452 1284 494 1295; x_wconf 38' lang='grc' dir='ltr'><strong>-ι</strong></span> <span class='ocrx_word' id='word_1_75' title='bbox 517 1251 651 1312; x_wconf 91' lang='lat' dir='ltr'><strong>conicere</strong></span> <span class='ocrx_word' id='word_1_76' title='bbox 685 1267 747 1310; x_wconf 91' lang='lat' dir='ltr'><strong>non</strong></span> <span class='ocrx_word' id='word_1_77' title='bbox 767 1248 884 1311; x_wconf 78' lang='lat' dir='ltr'><strong>&#39;debuit</strong></span> <span class='ocrx_word' id='word_1_78' title='bbox 917 1248 976 1309; x_wconf 84' lang='lat' dir='ltr'><strong>iarn</strong></span> <span class='ocrx_word' id='word_1_79' title='bbox 1012 1256 1079 1327; x_wconf 88' lang='lat' dir='ltr'><strong>post</strong></span> <span class='ocrx_word' id='word_1_80' title='bbox 1105 1248 1224 1326; x_wconf 88' lang='lat' dir='ltr'><strong>triginta</strong></span> <span class='ocrx_word' id='word_1_81' title='bbox 1248 1265 1342 1309; x_wconf 89' lang='lat' dir='ltr'><strong>anuos</strong></span> <span class='ocrx_word' id='word_1_82' title='bbox 1365 1246 1438 1307; x_wconf 89' lang='lat' dir='ltr'><strong>Novi</strong></span> 
     </span>
     <span class='ocr_line' id='line_1_10' title="bbox 266 1345 1388 1429; baseline -0.005 -18"><span class='ocrx_word' id='word_1_83' title='bbox 266 1351 347 1413; x_wconf 91' lang='lat' dir='ltr'><strong>Test.</strong></span> <span class='ocrx_word' id='word_1_84' title='bbox 372 1350 532 1412; x_wconf 89' lang='lat' dir='ltr'><strong>editionem</strong></span> <span class='ocrx_word' id='word_1_85' title='bbox 555 1349 591 1410; x_wconf 93' lang='lat' dir='ltr'><strong>ab</strong></span> <span class='ocrx_word' id='word_1_86' title='bbox 613 1348 794 1429; x_wconf 81' lang='lat' dir='ltr'><strong>Hieronymo</strong></span> <span class='ocrx_word' id='word_1_87' title='bbox 817 1355 950 1409; x_wconf 87' lang='lat' dir='ltr'><strong>curatam</strong></span> <span class='ocrx_word' id='word_1_88' title='bbox 974 1348 1061 1426; x_wconf 80' lang='lat' dir='ltr'><strong>vulgo</strong></span> <span class='ocrx_word' id='word_1_89' title='bbox 1084 1355 1232 1426; x_wconf 87' lang='lat' dir='ltr'><strong>receptam</strong></span> <span class='ocrx_word' id='word_1_90' title='bbox 1255 1345 1388 1423; x_wconf 80' lang='lat' dir='ltr'><strong>luisse²).</strong></span> 
     </span>
     <span class='ocr_line' id='line_1_11' title="bbox 355 1444 1438 1525; baseline -0.006 -15"><span class='ocrx_word' id='word_1_91' title='bbox 355 1448 518 1511; x_wconf 87' lang='lat' dir='ltr'><strong>Verisimile</strong></span> <span class='ocrx_word' id='word_1_92' title='bbox 542 1448 613 1510; x_wconf 89' lang='lat' dir='ltr'><strong>mihi</strong></span> <span class='ocrx_word' id='word_1_93' title='bbox 630 1448 746 1508; x_wconf 87' lang='lat' dir='ltr'><strong>videtur</strong></span> <span class='ocrx_word' id='word_1_94' title='bbox 769 1466 835 1507; x_wconf 92' lang='lat' dir='ltr'><strong>esse</strong></span> <span class='ocrx_word' id='word_1_95' title='bbox 857 1446 1068 1525; x_wconf 85' lang='lat' dir='ltr'><strong>Hieronymum</strong></span> <span class='ocrx_word' id='word_1_96' title='bbox 1092 1463 1160 1505; x_wconf 90' lang='lat' dir='ltr'><strong>cum</strong></span> <span class='ocrx_word' id='word_1_97' title='bbox 1185 1444 1341 1523; x_wconf 87' lang='lat' dir='ltr'><strong>evangeliis</strong></span> <span class='ocrx_word' id='word_1_98' title='bbox 1357 1444 1438 1524; x_wconf 89' lang='lat' dir='ltr'><strong>prius</strong></span> 
     </span>
     <span class='ocr_line' id='line_1_12' title="bbox 267 1543 1437 1625; baseline -0.006 -15"><span class='ocrx_word' id='word_1_99' title='bbox 267 1548 352 1610; x_wconf 90' lang='lat' dir='ltr'><strong>editis</strong></span> <span class='ocrx_word' id='word_1_100' title='bbox 375 1555 488 1609; x_wconf 87' lang='lat' dir='ltr'><strong>ceteros</strong></span> <span class='ocrx_word' id='word_1_101' title='bbox 511 1547 582 1609; x_wconf 92' lang='lat' dir='ltr'><strong>lVovi</strong></span> <span class='ocrx_word' id='word_1_102' title='bbox 605 1546 684 1608; x_wconf 91' lang='lat' dir='ltr'><strong>Test.</strong></span> <span class='ocrx_word' id='word_1_103' title='bbox 708 1545 798 1607; x_wconf 89' lang='lat' dir='ltr'><strong>libros</strong></span> <span class='ocrx_word' id='word_1_104' title='bbox 821 1552 925 1625; x_wconf 89' lang='lat' dir='ltr'><strong>postea</strong></span> <span class='ocrx_word' id='word_1_105' title='bbox 947 1544 1122 1605; x_wconf 90' lang='lat' dir='ltr'><strong>coniunctos</strong></span> <span class='ocrx_word' id='word_1_106' title='bbox 1147 1543 1314 1623; x_wconf 82' lang='lat' dir='ltr'><strong>vulgarisse.</strong></span> <span class='ocrx_word' id='word_1_107' title='bbox 1351 1543 1437 1604; x_wconf 83' lang='lat' dir='ltr'><strong>Certe</strong></span> 
     </span>
     <span class='ocr_line' id='line_1_13' title="bbox 267 1641 1436 1720; baseline -0.005 -12"><span class='ocrx_word' id='word_1_108' title='bbox 267 1646 381 1709; x_wconf 87' lang='lat' dir='ltr'><strong>Veteris</strong></span> <span class='ocrx_word' id='word_1_109' title='bbox 398 1646 475 1707; x_wconf 89' lang='lat' dir='ltr'><strong>Test</strong></span> <span class='ocrx_word' id='word_1_110' title='bbox 500 1644 592 1706; x_wconf 87' lang='lat' dir='ltr'><strong>libros</strong></span> <span class='ocrx_word' id='word_1_111' title='bbox 616 1663 675 1707; x_wconf 92' lang='lat' dir='ltr'><strong>uno</strong></span> <span class='ocrx_word' id='word_1_112' title='bbox 691 1643 841 1705; x_wconf 91' lang='lat' dir='ltr'><strong>volumine</strong></span> <span class='ocrx_word' id='word_1_113' title='bbox 860 1642 999 1720; x_wconf 83' lang='lat' dir='ltr'><strong>colligere</strong></span> <span class='ocrx_word' id='word_1_114' title='bbox 1021 1643 1051 1703; x_wconf 93' lang='lat' dir='ltr'><strong>in</strong></span> <span class='ocrx_word' id='word_1_115' title='bbox 1076 1643 1175 1704; x_wconf 90' lang='lat' dir='ltr'><strong>animo</strong></span> <span class='ocrx_word' id='word_1_116' title='bbox 1191 1641 1332 1703; x_wconf 89' lang='lat' dir='ltr'><strong>habuisse</strong></span> <span class='ocrx_word' id='word_1_117' title='bbox 1355 1641 1436 1702; x_wconf 87' lang='lat' dir='ltr'><strong>vide-</strong></span> 
     </span>
     <span class='ocr_line' id='line_1_14' title="bbox 266 1727 1436 1823; baseline -0.004 -17"><span class='ocrx_word' id='word_1_118' title='bbox 266 1755 324 1818; x_wconf 88' lang='lat' dir='ltr'><strong>tur,</strong></span> <span class='ocrx_word' id='word_1_119' title='bbox 348 1763 416 1806; x_wconf 89' lang='lat' dir='ltr'><strong>curn</strong></span> <span class='ocrx_word' id='word_1_120' title='bbox 440 1744 470 1805; x_wconf 95' lang='lat' dir='ltr'><strong>in</strong></span> <span class='ocrx_word' id='word_1_121' title='bbox 493 1744 615 1823; x_wconf 84' lang='lat' dir='ltr'><strong>prologo</strong></span> <span class='ocrx_word' id='word_1_122' title='bbox 639 1744 669 1805; x_wconf 93' lang='lat' dir='ltr'><strong>in</strong></span> <span class='ocrx_word' id='word_1_123' title='bbox 692 1761 777 1822; x_wconf 85' lang='lat' dir='ltr'><strong>reges</strong></span> <span class='ocrx_word' id='word_1_124' title='bbox 800 1743 958 1804; x_wconf 88' lang='lat' dir='ltr'><strong>scriberet:</strong></span> <span class='ocrx_word' id='word_1_125' title='bbox 982 1742 1039 1803; x_wconf 86' lang='lat' dir='ltr'><strong>‘bic</strong></span> <span class='ocrx_word' id='word_1_126' title='bbox 1060 1742 1199 1821; x_wconf 92' lang='lat' dir='ltr'><strong>prologus</strong></span> <span class='ocrx_word' id='word_1_127' title='bbox 1221 1727 1436 1821; x_wconf 88' lang='lat' dir='ltr'><strong>scripturarum</strong></span> 
     </span>
     <span class='ocr_line' id='line_1_15' title="bbox 267 1839 1437 1923; baseline -0.008 -17"><span class='ocrx_word' id='word_1_128' title='bbox 267 1844 350 1923; x_wconf 88' lang='lat' dir='ltr'><strong>qnasi</strong></span> <span class='ocrx_word' id='word_1_129' title='bbox 374 1844 517 1922; x_wconf 88' lang='lat' dir='ltr'><strong>galeatum</strong></span> <span class='ocrx_word' id='word_1_130' title='bbox 541 1840 718 1922; x_wconf 90' lang='lat' dir='ltr'><strong>principium</strong></span> <span class='ocrx_word' id='word_1_131' title='bbox 742 1841 880 1902; x_wconf 90' lang='lat' dir='ltr'><strong>omnibus</strong></span> <span class='ocrx_word' id='word_1_132' title='bbox 900 1840 982 1902; x_wconf 87' lang='lat' dir='ltr'><strong>libris</strong></span> <span class='ocrx_word' id='word_1_133' title='bbox 999 1858 1073 1920; x_wconf 92' lang='lat' dir='ltr'><strong>quos</strong></span> <span class='ocrx_word' id='word_1_134' title='bbox 1090 1839 1125 1900; x_wconf 94' lang='lat' dir='ltr'><strong>de</strong></span> <span class='ocrx_word' id='word_1_135' title='bbox 1141 1839 1273 1901; x_wconf 90' lang='lat' dir='ltr'><strong>Hebraeo</strong></span> <span class='ocrx_word' id='word_1_136' title='bbox 1288 1846 1437 1900; x_wconf 86' lang='lat' dir='ltr'><strong>vertemus</strong></span> 
     </span>
     <span class='ocr_line' id='line_1_16' title="bbox 267 1936 1437 2023; baseline -0.005 -20"><span class='ocrx_word' id='word_1_137' title='bbox 267 1941 323 2018; x_wconf 74' lang='lat' dir='ltr'><strong>(sic</strong></span> <span class='ocrx_word' id='word_1_138' title='bbox 344 1960 398 2023; x_wconf 94' lang='lat' dir='ltr'><strong>pro</strong></span> <span class='ocrx_word' id='word_1_139' title='bbox 413 1945 549 2003; x_wconf 76' lang='lat' dir='ltr'><strong>bertricus</strong></span> <span class='ocrx_word' id='word_1_140' title='bbox 563 1941 720 2020; x_wconf 84' lang='lat' dir='ltr'><strong>legendum</strong></span> <span class='ocrx_word' id='word_1_141' title='bbox 738 1938 796 2019; x_wconf 85' lang='lat' dir='ltr'><strong>est)</strong></span> <span class='ocrx_word' id='word_1_142' title='bbox 819 1939 849 2000; x_wconf 94' lang='lat' dir='ltr'><strong>in</strong></span> <span class='ocrx_word' id='word_1_143' title='bbox 873 1939 1011 2000; x_wconf 84' lang='lat' dir='ltr'><strong>Latinum</strong></span> <span class='ocrx_word' id='word_1_144' title='bbox 1036 1937 1196 2000; x_wconf 90' lang='lat' dir='ltr'><strong>convenire</strong></span> <span class='ocrx_word' id='word_1_145' title='bbox 1220 1936 1337 2018; x_wconf 80' lang='lat' dir='ltr'><strong>potest’.</strong></span> <span class='ocrx_word' id='word_1_146' title='bbox 1369 1936 1437 1998; x_wconf 87' lang='lat' dir='ltr'><strong>Sive</strong></span> 
     </span>
     <span class='ocr_line' id='line_1_17' title="bbox 270 2036 1438 2122; baseline -0.005 -21"><span class='ocrx_word' id='word_1_147' title='bbox 270 2041 334 2122; x_wconf 91' lang='lat' dir='ltr'><strong>ipse</strong></span> <span class='ocrx_word' id='word_1_148' title='bbox 357 2042 417 2103; x_wconf 87' lang='lat' dir='ltr'><strong>sive</strong></span> <span class='ocrx_word' id='word_1_149' title='bbox 440 2040 513 2102; x_wconf 86' lang='lat' dir='ltr'><strong>alius</strong></span> <span class='ocrx_word' id='word_1_150' title='bbox 536 2040 602 2120; x_wconf 88' lang='lat' dir='ltr'><strong>quis</strong></span> <span class='ocrx_word' id='word_1_151' title='bbox 625 2040 655 2100; x_wconf 94' lang='lat' dir='ltr'><strong>V.</strong></span> <span class='ocrx_word' id='word_1_152' title='bbox 681 2047 709 2100; x_wconf 91' lang='lat' dir='ltr'><strong>et</strong></span> <span class='ocrx_word' id='word_1_153' title='bbox 731 2039 765 2101; x_wconf 89' lang='lat' dir='ltr'><strong>N.</strong></span> <span class='ocrx_word' id='word_1_154' title='bbox 789 2038 821 2098; x_wconf 88' lang='grc' dir='ltr'><strong>Τ.</strong></span> <span class='ocrx_word' id='word_1_155' title='bbox 847 2058 862 2100; x_wconf 93' lang='lat' dir='ltr'><strong>e</strong></span> <span class='ocrx_word' id='word_1_156' title='bbox 885 2038 1059 2099; x_wconf 90' lang='lat' dir='ltr'><strong>recensione</strong></span> <span class='ocrx_word' id='word_1_157' title='bbox 1081 2037 1251 2117; x_wconf 82' lang='lat' dir='ltr'><strong>Hieronymi</strong></span> <span class='ocrx_word' id='word_1_158' title='bbox 1279 2036 1438 2097; x_wconf 88' lang='lat' dir='ltr'><strong>coniuncta</strong></span> 
     </span>
    </p>
   </div>
   <div class='ocr_carea' id='block_1_3' title="bbox 267 2134 1539 2217">
    <p class='ocr_par' dir='ltr' id='par_1_3' title="bbox 267 2134 1539 2217">
     <span class='ocr_line' id='line_1_18' title="bbox 267 2134 1539 2217; baseline -0.005 -17"><span class='ocrx_word' id='word_1_159' title='bbox 267 2140 367 2210; x_wconf 84' lang='lat' dir='ltr'><strong>edidit,</strong></span> <span class='ocrx_word' id='word_1_160' title='bbox 402 2139 490 2202; x_wconf 88' lang='lat' dir='ltr'><strong>editio</strong></span> <span class='ocrx_word' id='word_1_161' title='bbox 526 2138 668 2217; x_wconf 85' lang='lat' dir='ltr'><strong>quaedam</strong></span> <span class='ocrx_word' id='word_1_162' title='bbox 702 2136 844 2199; x_wconf 62' lang='lat' dir='ltr'><strong>omnium»</strong></span> <span class='ocrx_word' id='word_1_163' title='bbox 865 2137 1009 2198; x_wconf 90' lang='lat' dir='ltr'><strong>librorum</strong></span> <span class='ocrx_word' id='word_1_164' title='bbox 1044 2154 1196 2198; x_wconf 89' lang='lat' dir='ltr'><strong>sacrorum</strong></span> <span class='ocrx_word' id='word_1_165' title='bbox 1226 2136 1281 2197; x_wconf 91' lang='lat' dir='ltr'><strong>sub</strong></span> <span class='ocrx_word' id='word_1_166' title='bbox 1315 2134 1436 2196; x_wconf 90' lang='lat' dir='ltr'><strong>nomine</strong></span> <span class='ocrx_word' id='word_1_167' title='bbox 1534 2184 1539 2194; x_wconf 95' lang='lat'><em>.</em></span> 
     </span>
    </p>
   </div>
   <div class='ocr_carea' id='block_1_4' title="bbox 263 2234 1440 4193">
    <p class='ocr_par' dir='ltr' id='par_1_4' title="bbox 263 2234 1440 3978">
     <span class='ocr_line' id='line_1_19' title="bbox 266 2234 1435 2318; baseline -0.005 -19"><span class='ocrx_word' id='word_1_168' title='bbox 266 2238 437 2318; x_wconf 89' lang='lat' dir='ltr'><strong>Hieronymi</strong></span> <span class='ocrx_word' id='word_1_169' title='bbox 461 2237 603 2299; x_wconf 83' lang='lat' dir='ltr'><strong>exstabat.</strong></span> <span class='ocrx_word' id='word_1_170' title='bbox 633 2236 696 2298; x_wconf 90' lang='lat' dir='ltr'><strong>Hoc</strong></span> <span class='ocrx_word' id='word_1_171' title='bbox 718 2255 753 2298; x_wconf 86' lang='lat' dir='ltr'><strong>ex</strong></span> <span class='ocrx_word' id='word_1_172' title='bbox 773 2235 949 2297; x_wconf 89' lang='lat' dir='ltr'><strong>Cassiodorii</strong></span> <span class='ocrx_word' id='word_1_173' title='bbox 972 2235 1158 2298; x_wconf 88' lang='lat' dir='ltr'><strong>institutione</strong></span> <span class='ocrx_word' id='word_1_174' title='bbox 1182 2234 1278 2296; x_wconf 89' lang='lat' dir='ltr'><strong>divina</strong></span> <span class='ocrx_word' id='word_1_175' title='bbox 1300 2234 1435 2295; x_wconf 87' lang='lat' dir='ltr'><strong>conicere</strong></span> 
     </span>
     <span class='ocr_line' id='line_1_20' title="bbox 266 2334 1435 2416; baseline -0.005 -18"><span class='ocrx_word' id='word_1_176' title='bbox 266 2338 341 2407; x_wconf 87' lang='lat' dir='ltr'><strong>licet,</strong></span> <span class='ocrx_word' id='word_1_177' title='bbox 375 2337 406 2397; x_wconf 94' lang='lat' dir='ltr'><strong>in</strong></span> <span class='ocrx_word' id='word_1_178' title='bbox 435 2354 491 2416; x_wconf 89' lang='lat' dir='ltr'><strong>qua</strong></span> <span class='ocrx_word' id='word_1_179' title='bbox 525 2335 727 2397; x_wconf 83' lang='lat' dir='ltr'><strong>Cassiodorius</strong></span> <span class='ocrx_word' id='word_1_180' title='bbox 755 2354 787 2397; x_wconf 92' lang='lat' dir='ltr'><strong>se</strong></span> <span class='ocrx_word' id='word_1_181' title='bbox 818 2345 879 2397; x_wconf 86' lang='lat' dir='ltr'><strong>tres</strong></span> <span class='ocrx_word' id='word_1_182' title='bbox 908 2335 1024 2396; x_wconf 89' lang='lat' dir='ltr'><strong>codices</strong></span> <span class='ocrx_word' id='word_1_183' title='bbox 1048 2334 1262 2414; x_wconf 88' lang='lat' dir='ltr'><strong>scripturarum</strong></span> <span class='ocrx_word' id='word_1_184' title='bbox 1286 2350 1435 2394; x_wconf 89' lang='lat' dir='ltr'><strong>sacrarum</strong></span> 
     </span>
     <span class='ocr_line' id='line_1_21' title="bbox 266 2431 1433 2515; baseline -0.006 -19"><span class='ocrx_word' id='word_1_185' title='bbox 266 2435 437 2497; x_wconf 88' lang='lat' dir='ltr'><strong>scribendos</strong></span> <span class='ocrx_word' id='word_1_186' title='bbox 461 2435 607 2496; x_wconf 71' lang='lat' dir='ltr'><strong>certavisse</strong></span> <span class='ocrx_word' id='word_1_187' title='bbox 631 2434 710 2509; x_wconf 88' lang='lat' dir='ltr'><strong>dicit,</strong></span> <span class='ocrx_word' id='word_1_188' title='bbox 734 2453 863 2515; x_wconf 90' lang='lat' dir='ltr'><strong>quorum</strong></span> <span class='ocrx_word' id='word_1_189' title='bbox 886 2434 918 2495; x_wconf 93' lang='lat' dir='ltr'><strong>in</strong></span> <span class='ocrx_word' id='word_1_190' title='bbox 942 2451 1002 2495; x_wconf 91' lang='lat' dir='ltr'><strong>uno</strong></span> <span class='ocrx_word' id='word_1_191' title='bbox 1025 2433 1116 2494; x_wconf 93' lang='lat' dir='ltr'><strong>libros</strong></span> <span class='ocrx_word' id='word_1_192' title='bbox 1139 2433 1303 2495; x_wconf 91' lang='lat' dir='ltr'><strong>secundum</strong></span> <span class='ocrx_word' id='word_1_193' title='bbox 1328 2431 1433 2493; x_wconf 90' lang='lat' dir='ltr'><strong>Hiero-</strong></span> 
     </span>
     <span class='ocr_line' id='line_1_22' title="bbox 265 2530 1436 2615; baseline -0.006 -19"><span class='ocrx_word' id='word_1_194' title='bbox 265 2552 398 2615; x_wconf 82' lang='lat' dir='ltr'><strong>nymum,</strong></span> <span class='ocrx_word' id='word_1_195' title='bbox 422 2533 453 2594; x_wconf 94' lang='lat' dir='ltr'><strong>in</strong></span> <span class='ocrx_word' id='word_1_196' title='bbox 476 2532 568 2595; x_wconf 87' lang='lat' dir='ltr'><strong>altero</strong></span> <span class='ocrx_word' id='word_1_197' title='bbox 592 2534 756 2595; x_wconf 87' lang='lat' dir='ltr'><strong>secundum</strong></span> <span class='ocrx_word' id='word_1_198' title='bbox 780 2533 922 2595; x_wconf 88' lang='lat' dir='ltr'><strong>Hilarium</strong></span> <span class='ocrx_word' id='word_1_199' title='bbox 946 2541 976 2593; x_wconf 87' lang='lat' dir='ltr'><strong>et</strong></span> <span class='ocrx_word' id='word_1_200' title='bbox 998 2531 1206 2612; x_wconf 87' lang='lat' dir='ltr'><strong>Epiphanium,</strong></span> <span class='ocrx_word' id='word_1_201' title='bbox 1230 2532 1262 2592; x_wconf 92' lang='lat' dir='ltr'><strong>in</strong></span> <span class='ocrx_word' id='word_1_202' title='bbox 1285 2530 1372 2593; x_wconf 89' lang='lat' dir='ltr'><strong>tertio</strong></span> <span class='ocrx_word' id='word_1_203' title='bbox 1388 2548 1436 2590; x_wconf 88' lang='lat' dir='ltr'><strong>se-</strong></span> 
     </span>
     <span class='ocr_line' id='line_1_23' title="bbox 265 2629 1436 2711; baseline -0.005 -16"><span class='ocrx_word' id='word_1_204' title='bbox 265 2634 395 2695; x_wconf 89' lang='lat' dir='ltr'><strong>cundum</strong></span> <span class='ocrx_word' id='word_1_205' title='bbox 420 2632 619 2711; x_wconf 80' lang='lat' dir='ltr'><strong>Augustinum</strong></span> <span class='ocrx_word' id='word_1_206' title='bbox 649 2651 680 2693; x_wconf 90' lang='lat' dir='ltr'><strong>se</strong></span> <span class='ocrx_word' id='word_1_207' title='bbox 708 2630 932 2708; x_wconf 65' lang='lat' dir='ltr'><strong>ordinavisset).</strong></span> <span class='ocrx_word' id='word_1_208' title='bbox 978 2632 1089 2691; x_wconf 89' lang='lat' dir='ltr'><strong>Horum</strong></span> <span class='ocrx_word' id='word_1_209' title='bbox 1114 2630 1244 2691; x_wconf 87' lang='lat' dir='ltr'><strong>indicum</strong></span> <span class='ocrx_word' id='word_1_210' title='bbox 1268 2630 1382 2709; x_wconf 89' lang='lat' dir='ltr'><strong>primus</strong></span> <span class='ocrx_word' id='word_1_211' title='bbox 1405 2629 1436 2689; x_wconf 92' lang='lat' dir='ltr'><strong>iu</strong></span> 
     </span>
     <span class='ocr_line' id='line_1_24' title="bbox 265 2728 1435 2810; baseline -0.005 -17"><span class='ocrx_word' id='word_1_212' title='bbox 265 2733 369 2793; x_wconf 90' lang='lat' dir='ltr'><strong>Vetere</strong></span> <span class='ocrx_word' id='word_1_213' title='bbox 392 2730 471 2807; x_wconf 88' lang='lat' dir='ltr'><strong>Test.</strong></span> <span class='ocrx_word' id='word_1_214' title='bbox 494 2749 561 2792; x_wconf 91' lang='lat' dir='ltr'><strong>cum</strong></span> <span class='ocrx_word' id='word_1_215' title='bbox 586 2731 708 2810; x_wconf 88' lang='lat' dir='ltr'><strong>prologo</strong></span> <span class='ocrx_word' id='word_1_216' title='bbox 732 2731 845 2810; x_wconf 87' lang='lat' dir='ltr'><strong>galeato</strong></span> <span class='ocrx_word' id='word_1_217' title='bbox 869 2730 1014 2809; x_wconf 89' lang='lat' dir='ltr'><strong>congruit.</strong></span> <span class='ocrx_word' id='word_1_218' title='bbox 1046 2729 1103 2790; x_wconf 88' lang='lat' dir='ltr'><strong>Sed</strong></span> <span class='ocrx_word' id='word_1_219' title='bbox 1126 2730 1159 2790; x_wconf 92' lang='lat' dir='ltr'><strong>in</strong></span> <span class='ocrx_word' id='word_1_220' title='bbox 1182 2730 1238 2790; x_wconf 91' lang='lat' dir='ltr'><strong>boc</strong></span> <span class='ocrx_word' id='word_1_221' title='bbox 1261 2728 1334 2790; x_wconf 87' lang='lat' dir='ltr'><strong>Novi</strong></span> <span class='ocrx_word' id='word_1_222' title='bbox 1356 2728 1435 2789; x_wconf 87' lang='lat' dir='ltr'><strong>Test</strong></span> 
     </span>
     <span class='ocr_line' id='line_1_25' title="bbox 265 2827 1437 2910; baseline -0.004 -19"><span class='ocrx_word' id='word_1_223' title='bbox 265 2828 333 2891; x_wconf 90' lang='lat' dir='ltr'><strong>libri</strong></span> <span class='ocrx_word' id='word_1_224' title='bbox 356 2847 416 2892; x_wconf 92' lang='lat' dir='ltr'><strong>non</strong></span> <span class='ocrx_word' id='word_1_225' title='bbox 436 2837 634 2891; x_wconf 88' lang='lat' dir='ltr'><strong>numerantur</strong></span> <span class='ocrx_word' id='word_1_226' title='bbox 651 2848 748 2910; x_wconf 86' lang='lat' dir='ltr'><strong>neque</strong></span> <span class='ocrx_word' id='word_1_227' title='bbox 765 2830 888 2891; x_wconf 88' lang='lat' dir='ltr'><strong>omnino</strong></span> <span class='ocrx_word' id='word_1_228' title='bbox 910 2829 942 2891; x_wconf 92' lang='lat' dir='ltr'><strong>in</strong></span> <span class='ocrx_word' id='word_1_229' title='bbox 966 2828 1084 2908; x_wconf 90' lang='lat' dir='ltr'><strong>scriptis</strong></span> <span class='ocrx_word' id='word_1_230' title='bbox 1100 2827 1271 2907; x_wconf 88' lang='lat' dir='ltr'><strong>Hieronymi</strong></span> <span class='ocrx_word' id='word_1_231' title='bbox 1286 2827 1437 2905; x_wconf 89' lang='lat' dir='ltr'><strong>catalogus</strong></span> 
     </span>
     <span class='ocr_line' id='line_1_26' title="bbox 266 2921 1437 3008; baseline -0.004 -17"><span class='ocrx_word' id='word_1_232' title='bbox 266 2948 370 2991; x_wconf 89' lang='lat' dir='ltr'><strong>omnes</strong></span> <span class='ocrx_word' id='word_1_233' title='bbox 392 2921 486 2990; x_wconf 82' lang='lat' dir='ltr'><strong>libros</strong></span> <span class='ocrx_word' id='word_1_234' title='bbox 510 2946 609 2989; x_wconf 90' lang='lat' dir='ltr'><strong>sacros</strong></span> <span class='ocrx_word' id='word_1_235' title='bbox 632 2929 687 2990; x_wconf 89' lang='lat' dir='ltr'><strong>boc</strong></span> <span class='ocrx_word' id='word_1_236' title='bbox 710 2930 812 2991; x_wconf 88' lang='lat' dir='ltr'><strong>ordine</strong></span> <span class='ocrx_word' id='word_1_237' title='bbox 834 2928 1037 3008; x_wconf 89' lang='lat' dir='ltr'><strong>complectens</strong></span> <span class='ocrx_word' id='word_1_238' title='bbox 1061 2926 1219 2988; x_wconf 89' lang='lat' dir='ltr'><strong>invenitur.</strong></span> <span class='ocrx_word' id='word_1_239' title='bbox 1255 2926 1358 3006; x_wconf 89' lang='lat' dir='ltr'><strong>ltaque</strong></span> <span class='ocrx_word' id='word_1_240' title='bbox 1380 2944 1437 3005; x_wconf 89' lang='lat' dir='ltr'><strong>qua</strong></span> 
     </span>
     <span class='ocr_line' id='line_1_27' title="bbox 265 3023 1436 3106; baseline -0.004 -17"><span class='ocrx_word' id='word_1_241' title='bbox 265 3046 298 3090; x_wconf 91' lang='lat' dir='ltr'><strong>re</strong></span> <span class='ocrx_word' id='word_1_242' title='bbox 311 3027 517 3089; x_wconf 88' lang='lat' dir='ltr'><strong>Cassiodorius</strong></span> <span class='ocrx_word' id='word_1_243' title='bbox 531 3026 669 3089; x_wconf 89' lang='lat' dir='ltr'><strong>inductus</strong></span> <span class='ocrx_word' id='word_1_244' title='bbox 683 3027 732 3100; x_wconf 90' lang='lat' dir='ltr'><strong>sit,</strong></span> <span class='ocrx_word' id='word_1_245' title='bbox 748 3037 781 3089; x_wconf 91' lang='lat' dir='ltr'><strong>ut</strong></span> <span class='ocrx_word' id='word_1_246' title='bbox 794 3037 891 3090; x_wconf 91' lang='lat' dir='ltr'><strong>totum</strong></span> <span class='ocrx_word' id='word_1_247' title='bbox 905 3028 1068 3106; x_wconf 89' lang='lat' dir='ltr'><strong>catalogum</strong></span> <span class='ocrx_word' id='word_1_248' title='bbox 1086 3026 1266 3105; x_wconf 89' lang='lat' dir='ltr'><strong>Hieronymo</strong></span> <span class='ocrx_word' id='word_1_249' title='bbox 1282 3023 1436 3095; x_wconf 82' lang='lat' dir='ltr'><strong>tribueret,</strong></span> 
     </span>
     <span class='ocr_line' id='line_1_28' title="bbox 265 3124 1437 3205; baseline -0.003 -18"><span class='ocrx_word' id='word_1_250' title='bbox 265 3126 373 3197; x_wconf 90' lang='lat' dir='ltr'><strong>nescio,</strong></span> <span class='ocrx_word' id='word_1_251' title='bbox 402 3125 458 3186; x_wconf 92' lang='lat' dir='ltr'><strong>nisi</strong></span> <span class='ocrx_word' id='word_1_252' title='bbox 481 3125 555 3187; x_wconf 88' lang='lat' dir='ltr'><strong>liber</strong></span> <span class='ocrx_word' id='word_1_253' title='bbox 577 3134 739 3205; x_wconf 88' lang='lat' dir='ltr'><strong>utrumque</strong></span> <span class='ocrx_word' id='word_1_254' title='bbox 771 3134 981 3188; x_wconf 88' lang='lat' dir='ltr'><strong>testamentum</strong></span> <span class='ocrx_word' id='word_1_255' title='bbox 1010 3144 1045 3187; x_wconf 87' lang='lat' dir='ltr'><strong>ex</strong></span> <span class='ocrx_word' id='word_1_256' title='bbox 1068 3124 1313 3204; x_wconf 89' lang='lat' dir='ltr'><strong>interpretatione</strong></span> <span class='ocrx_word' id='word_1_257' title='bbox 1336 3132 1366 3184; x_wconf 93' lang='lat' dir='ltr'><strong>et</strong></span> <span class='ocrx_word' id='word_1_258' title='bbox 1386 3143 1437 3184; x_wconf 91' lang='lat' dir='ltr'><strong>re-</strong></span> 
     </span>
     <span class='ocr_line' id='line_1_29' title="bbox 264 3222 1438 3304; baseline -0.003 -18"><span class='ocrx_word' id='word_1_259' title='bbox 264 3225 405 3286; x_wconf 88' lang='lat' dir='ltr'><strong>censione</strong></span> <span class='ocrx_word' id='word_1_260' title='bbox 429 3223 599 3304; x_wconf 89' lang='lat' dir='ltr'><strong>Hieronymi</strong></span> <span class='ocrx_word' id='word_1_261' title='bbox 633 3225 789 3287; x_wconf 88' lang='lat' dir='ltr'><strong>continens</strong></span> <span class='ocrx_word' id='word_1_262' title='bbox 824 3225 855 3285; x_wconf 94' lang='lat' dir='ltr'><strong>in</strong></span> <span class='ocrx_word' id='word_1_263' title='bbox 883 3244 974 3286; x_wconf 87' lang='lat' dir='ltr'><strong>manu</strong></span> <span class='ocrx_word' id='word_1_264' title='bbox 1004 3224 1031 3285; x_wconf 89' lang='lat' dir='ltr'><strong>ei</strong></span> <span class='ocrx_word' id='word_1_265' title='bbox 1061 3224 1162 3286; x_wconf 89' lang='lat' dir='ltr'><strong>fuerit.</strong></span> <span class='ocrx_word' id='word_1_266' title='bbox 1206 3222 1302 3285; x_wconf 90' lang='lat' dir='ltr'><strong>Libris</strong></span> <span class='ocrx_word' id='word_1_267' title='bbox 1326 3222 1438 3283; x_wconf 89' lang='lat' dir='ltr'><strong>Veteris</strong></span> 
     </span>
     <span class='ocr_line' id='line_1_30' title="bbox 263 3321 1438 3404; baseline -0.003 -20"><span class='ocrx_word' id='word_1_268' title='bbox 263 3324 344 3385; x_wconf 88' lang='lat' dir='ltr'><strong>Test.</strong></span> <span class='ocrx_word' id='word_1_269' title='bbox 370 3323 534 3385; x_wconf 88' lang='lat' dir='ltr'><strong>secundum</strong></span> <span class='ocrx_word' id='word_1_270' title='bbox 558 3322 714 3402; x_wconf 90' lang='lat' dir='ltr'><strong>prologum</strong></span> <span class='ocrx_word' id='word_1_271' title='bbox 737 3325 883 3403; x_wconf 88' lang='lat' dir='ltr'><strong>galeatum</strong></span> <span class='ocrx_word' id='word_1_272' title='bbox 907 3322 1059 3404; x_wconf 88' lang='lat' dir='ltr'><strong>dispositis</strong></span> <span class='ocrx_word' id='word_1_273' title='bbox 1090 3322 1182 3384; x_wconf 88' lang='lat' dir='ltr'><strong>libros</strong></span> <span class='ocrx_word' id='word_1_274' title='bbox 1205 3322 1277 3382; x_wconf 89' lang='lat' dir='ltr'><strong>Novi</strong></span> <span class='ocrx_word' id='word_1_275' title='bbox 1300 3321 1380 3382; x_wconf 89' lang='lat' dir='ltr'><strong>Test.</strong></span> <span class='ocrx_word' id='word_1_276' title='bbox 1402 3340 1438 3381; x_wconf 86' lang='lat' dir='ltr'><strong>ex</strong></span> 
     </span>
     <span class='ocr_line' id='line_1_31' title="bbox 265 3420 1438 3503; baseline -0.003 -20"><span class='ocrx_word' id='word_1_277' title='bbox 265 3441 318 3484; x_wconf 89' lang='lat' dir='ltr'><strong>suo</strong></span> <span class='ocrx_word' id='word_1_278' title='bbox 344 3420 465 3483; x_wconf 90' lang='lat' dir='ltr'><strong>arbitrio</strong></span> <span class='ocrx_word' id='word_1_279' title='bbox 489 3420 641 3483; x_wconf 89' lang='lat' dir='ltr'><strong>ordinatos</strong></span> <span class='ocrx_word' id='word_1_280' title='bbox 665 3440 732 3483; x_wconf 89' lang='lat' dir='ltr'><strong>eum</strong></span> <span class='ocrx_word' id='word_1_281' title='bbox 756 3423 924 3484; x_wconf 86' lang='lat' dir='ltr'><strong>adiunxisse</strong></span> <span class='ocrx_word' id='word_1_282' title='bbox 947 3432 1104 3503; x_wconf 91' lang='lat' dir='ltr'><strong>propterea</strong></span> <span class='ocrx_word' id='word_1_283' title='bbox 1121 3420 1280 3482; x_wconf 86' lang='lat' dir='ltr'><strong>verisimile</strong></span> <span class='ocrx_word' id='word_1_284' title='bbox 1302 3438 1361 3481; x_wconf 94' lang='lat' dir='ltr'><strong>non</strong></span> <span class='ocrx_word' id='word_1_285' title='bbox 1385 3428 1438 3492; x_wconf 90' lang='lat' dir='ltr'><strong>est,</strong></span> 
     </span>
     <span class='ocr_line' id='line_1_32' title="bbox 265 3518 1439 3602; baseline -0.003 -20"><span class='ocrx_word' id='word_1_286' title='bbox 265 3520 343 3602; x_wconf 89' lang='lat' dir='ltr'><strong>quod</strong></span> <span class='ocrx_word' id='word_1_287' title='bbox 367 3539 434 3583; x_wconf 90' lang='lat' dir='ltr'><strong>cum</strong></span> <span class='ocrx_word' id='word_1_288' title='bbox 464 3520 577 3582; x_wconf 90' lang='lat' dir='ltr'><strong>lsidoro</strong></span> <span class='ocrx_word' id='word_1_289' title='bbox 600 3519 766 3601; x_wconf 87' lang='lat' dir='ltr'><strong>Hispalensi</strong></span> <span class='ocrx_word' id='word_1_290' title='bbox 789 3521 820 3582; x_wconf 91' lang='lat' dir='ltr'><strong>in</strong></span> <span class='ocrx_word' id='word_1_291' title='bbox 843 3521 918 3583; x_wconf 90' lang='lat' dir='ltr'><strong>libro</strong></span> <span class='ocrx_word' id='word_1_292' title='bbox 935 3522 980 3581; x_wconf 90' lang='lat' dir='ltr'><strong>Vl.</strong></span> <span class='ocrx_word' id='word_1_293' title='bbox 1003 3523 1058 3581; x_wconf 85' lang='lat' dir='ltr'><strong>cl</strong></span> <span class='ocrx_word' id='word_1_294' title='bbox 1086 3518 1330 3599; x_wconf 88' lang='lat' dir='ltr'><strong>etymologiarum</strong></span> <span class='ocrx_word' id='word_1_295' title='bbox 1352 3518 1439 3598; x_wconf 91' lang='lat' dir='ltr'><strong>plane</strong></span> 
     </span>
     <span class='ocr_line' id='line_1_33' title="bbox 266 3617 1438 3701; baseline -0.004 -19"><span class='ocrx_word' id='word_1_296' title='bbox 266 3619 412 3698; x_wconf 88' lang='lat' dir='ltr'><strong>congruit.</strong></span> <span class='ocrx_word' id='word_1_297' title='bbox 458 3619 512 3680; x_wconf 89' lang='lat' dir='ltr'><strong>llic</strong></span> <span class='ocrx_word' id='word_1_298' title='bbox 534 3619 612 3681; x_wconf 89' lang='lat' dir='ltr'><strong>enim</strong></span> <span class='ocrx_word' id='word_1_299' title='bbox 641 3637 709 3681; x_wconf 90' lang='lat' dir='ltr'><strong>curn</strong></span> <span class='ocrx_word' id='word_1_300' title='bbox 733 3619 877 3682; x_wconf 78' lang='lat' dir='ltr'><strong>Hebraico</strong></span> <span class='ocrx_word' id='word_1_301' title='bbox 900 3620 1022 3681; x_wconf 89' lang='lat' dir='ltr'><strong>nomina</strong></span> <span class='ocrx_word' id='word_1_302' title='bbox 1045 3619 1189 3680; x_wconf 89' lang='lat' dir='ltr'><strong>librorum</strong></span> <span class='ocrx_word' id='word_1_303' title='bbox 1214 3617 1326 3679; x_wconf 90' lang='lat' dir='ltr'><strong>Veteris</strong></span> <span class='ocrx_word' id='word_1_304' title='bbox 1349 3617 1438 3701; x_wconf 72' lang='lat' dir='ltr'><strong>Test.,</strong></span> 
     </span>
     <span class='ocr_line' id='line_1_34' title="bbox 265 3717 1436 3800; baseline -0.003 -21"><span class='ocrx_word' id='word_1_305' title='bbox 265 3738 341 3800; x_wconf 89' lang='lat' dir='ltr'><strong>quae</strong></span> <span class='ocrx_word' id='word_1_306' title='bbox 364 3718 396 3779; x_wconf 93' lang='lat' dir='ltr'><strong>in</strong></span> <span class='ocrx_word' id='word_1_307' title='bbox 411 3718 508 3781; x_wconf 87' lang='lat' dir='ltr'><strong>indice</strong></span> <span class='ocrx_word' id='word_1_308' title='bbox 524 3718 702 3779; x_wconf 90' lang='lat' dir='ltr'><strong>Cassiodorii</strong></span> <span class='ocrx_word' id='word_1_309' title='bbox 725 3720 843 3793; x_wconf 84' lang='lat' dir='ltr'><strong>desunt,</strong></span> <span class='ocrx_word' id='word_1_310' title='bbox 867 3718 1012 3793; x_wconf 83' lang='lat' dir='ltr'><strong>omiserit,</strong></span> <span class='ocrx_word' id='word_1_311' title='bbox 1035 3738 1072 3779; x_wconf 81' lang='lat' dir='ltr'><strong>er</strong></span> <span class='ocrx_word' id='word_1_312' title='bbox 1094 3717 1151 3779; x_wconf 88' lang='lat' dir='ltr'><strong>hoc</strong></span> <span class='ocrx_word' id='word_1_313' title='bbox 1173 3726 1253 3779; x_wconf 90' lang='lat' dir='ltr'><strong>certe</strong></span> <span class='ocrx_word' id='word_1_314' title='bbox 1275 3734 1337 3777; x_wconf 90' lang='lat' dir='ltr'><strong>non</strong></span> <span class='ocrx_word' id='word_1_315' title='bbox 1360 3732 1436 3795; x_wconf 90' lang='lat' dir='ltr'><strong>pen-</strong></span> 
     </span>
     <span class='ocr_line' id='line_1_35' title="bbox 265 3815 1440 3898; baseline -0.004 -18"><span class='ocrx_word' id='word_1_316' title='bbox 265 3819 324 3889; x_wconf 86' lang='lat' dir='ltr'><strong>det,</strong></span> <span class='ocrx_word' id='word_1_317' title='bbox 356 3816 407 3879; x_wconf 91' lang='lat' dir='ltr'><strong>sed</strong></span> <span class='ocrx_word' id='word_1_318' title='bbox 432 3826 461 3878; x_wconf 91' lang='lat' dir='ltr'><strong>et</strong></span> <span class='ocrx_word' id='word_1_319' title='bbox 483 3818 546 3896; x_wconf 90' lang='lat' dir='ltr'><strong>ipse</strong></span> <span class='ocrx_word' id='word_1_320' title='bbox 569 3836 604 3878; x_wconf 86' lang='lat' dir='ltr'><strong>ex</strong></span> <span class='ocrx_word' id='word_1_321' title='bbox 627 3817 756 3891; x_wconf 85' lang='lat' dir='ltr'><strong>editione</strong></span> <span class='ocrx_word' id='word_1_322' title='bbox 771 3817 943 3898; x_wconf 88' lang='lat' dir='ltr'><strong>Hieronymi</strong></span> <span class='ocrx_word' id='word_1_323' title='bbox 965 3816 1093 3880; x_wconf 90' lang='lat' dir='ltr'><strong>indicem</strong></span> <span class='ocrx_word' id='word_1_324' title='bbox 1115 3835 1204 3878; x_wconf 90' lang='lat' dir='ltr'><strong>suum</strong></span> <span class='ocrx_word' id='word_1_325' title='bbox 1220 3815 1440 3896; x_wconf 88' lang='lat' dir='ltr'><strong>deprompsisse</strong></span> 
     </span>
     <span class='ocr_line' id='line_1_36' title="bbox 263 3916 388 3978; baseline -0.016 0"><span class='ocrx_word' id='word_1_326' title='bbox 263 3916 388 3978; x_wconf 89' lang='lat' dir='ltr'><strong>videtur.</strong></span> 
     </span>
    </p>

    <p class='ocr_par' dir='ltr' id='par_1_5' title="bbox 263 4012 1438 4193">
     <span class='ocr_line' id='line_1_37' title="bbox 350 4012 1438 4094; baseline 0 -21"><span class='ocrx_word' id='word_1_327' title='bbox 350 4012 505 4074; x_wconf 89' lang='lat' dir='ltr'><strong>Tenebant</strong></span> <span class='ocrx_word' id='word_1_328' title='bbox 526 4021 626 4075; x_wconf 88' lang='lat' dir='ltr'><strong>autem</strong></span> <span class='ocrx_word' id='word_1_329' title='bbox 650 4013 723 4075; x_wconf 90' lang='lat' dir='ltr'><strong>Novi</strong></span> <span class='ocrx_word' id='word_1_330' title='bbox 746 4015 824 4075; x_wconf 89' lang='lat' dir='ltr'><strong>Test.</strong></span> <span class='ocrx_word' id='word_1_331' title='bbox 847 4014 915 4076; x_wconf 87' lang='lat' dir='ltr'><strong>libri</strong></span> <span class='ocrx_word' id='word_1_332' title='bbox 937 4014 1015 4094; x_wconf 89' lang='lat' dir='ltr'><strong>apud</strong></span> <span class='ocrx_word' id='word_1_333' title='bbox 1036 4013 1251 4093; x_wconf 89' lang='lat' dir='ltr'><strong>Hieronymum</strong></span> <span class='ocrx_word' id='word_1_334' title='bbox 1274 4012 1438 4075; x_wconf 91' lang='lat' dir='ltr'><strong>secundum</strong></span> 
     </span>
     <span class='ocr_line' id='line_1_38' title="bbox 263 4110 798 4193; baseline 0.004 -21"><span class='ocrx_word' id='word_1_335' title='bbox 263 4110 484 4174; x_wconf 90' lang='lat' dir='ltr'><strong>Cassiodorium</strong></span> <span class='ocrx_word' id='word_1_336' title='bbox 507 4111 587 4173; x_wconf 89' lang='lat' dir='ltr'><strong>bunc</strong></span> <span class='ocrx_word' id='word_1_337' title='bbox 609 4112 745 4174; x_wconf 91' lang='lat' dir='ltr'><strong>ordinem</strong></span> <span class='ocrx_word' id='word_1_338' title='bbox 754 4113 798 4193; x_wconf 65' lang='grc'><strong>4);</strong></span> 
     </span>
    </p>
   </div>
   <div class='ocr_carea' id='block_1_5' title="bbox 330 4281 1414 4593">
    <p class='ocr_par' dir='ltr' id='par_1_6' title="bbox 333 4281 662 4348">
     <span class='ocr_line' id='line_1_39' title="bbox 333 4281 662 4348; baseline 0.006 -15"><span class='ocrx_word' id='word_1_339' title='bbox 333 4284 353 4345; x_wconf 92' lang='lat'><strong>¹)</strong></span> <span class='ocrx_word' id='word_1_340' title='bbox 373 4298 412 4348; x_wconf 90' lang='lat' dir='ltr'><strong>ep.</strong></span> <span class='ocrx_word' id='word_1_341' title='bbox 432 4281 506 4333; x_wconf 85' lang='lat' dir='ltr'><strong>CXll.</strong></span> <span class='ocrx_word' id='word_1_342' title='bbox 527 4290 548 4333; x_wconf 83' lang='lat' dir='ltr'><strong>t.</strong></span> <span class='ocrx_word' id='word_1_343' title='bbox 567 4282 585 4333; x_wconf 95' lang='lat' dir='ltr'><strong>l.</strong></span> <span class='ocrx_word' id='word_1_344' title='bbox 605 4284 662 4335; x_wconf 74' lang='lat'>753.</span> 
     </span>
    </p>

    <p class='ocr_par' dir='ltr' id='par_1_7' title="bbox 331 4361 960 4432">
     <span class='ocr_line' id='line_1_40' title="bbox 331 4361 960 4432; baseline 0.006 -19"><span class='ocrx_word' id='word_1_345' title='bbox 331 4366 354 4424; x_wconf 83' lang='lat'><strong>²)</strong></span> <span class='ocrx_word' id='word_1_346' title='bbox 374 4361 473 4414; x_wconf 81' lang='lat' dir='ltr'><strong>Hanlon</strong></span> <span class='ocrx_word' id='word_1_347' title='bbox 494 4362 647 4416; x_wconf 88' lang='lat' dir='ltr'><strong>Geschicbte</strong></span> <span class='ocrx_word' id='word_1_348' title='bbox 665 4366 710 4416; x_wconf 86' lang='lat' dir='ltr'><strong>der</strong></span> <span class='ocrx_word' id='word_1_349' title='bbox 728 4364 841 4429; x_wconf 86' lang='lat' dir='ltr'><strong>Vulgata</strong></span> <span class='ocrx_word' id='word_1_350' title='bbox 861 4383 882 4432; x_wconf 89' lang='lat' dir='ltr'><strong>p.</strong></span> <span class='ocrx_word' id='word_1_351' title='bbox 905 4368 960 4419; x_wconf 85' lang='grc'><strong>161.</strong></span> 
     </span>
    </p>

    <p class='ocr_par' dir='ltr' id='par_1_8' title="bbox 330 4444 1414 4593">
     <span class='ocr_line' id='line_1_41' title="bbox 331 4444 1414 4513; baseline 0.003 -19"><span class='ocrx_word' id='word_1_352' title='bbox 331 4447 352 4507; x_wconf 76' lang='lat'><strong>⁸)</strong></span> <span class='ocrx_word' id='word_1_353' title='bbox 371 4444 409 4496; x_wconf 81' lang='lat' dir='ltr'><strong>Cf.</strong></span> <span class='ocrx_word' id='word_1_354' title='bbox 429 4461 491 4511; x_wconf 87' lang='lat' dir='ltr'><strong>quae</strong></span> <span class='ocrx_word' id='word_1_355' title='bbox 511 4447 557 4496; x_wconf 87' lang='lat' dir='ltr'><strong>bac</strong></span> <span class='ocrx_word' id='word_1_356' title='bbox 576 4448 607 4497; x_wconf 90' lang='lat' dir='ltr'><strong>de</strong></span> <span class='ocrx_word' id='word_1_357' title='bbox 626 4448 766 4513; x_wconf 84' lang='lat' dir='ltr'><strong>rescripsi</strong></span> <span class='ocrx_word' id='word_1_358' title='bbox 785 4448 810 4498; x_wconf 90' lang='lat' dir='ltr'><strong>in</strong></span> <span class='ocrx_word' id='word_1_359' title='bbox 830 4449 965 4499; x_wconf 87' lang='lat' dir='ltr'><strong>annalibus</strong></span> <span class='ocrx_word' id='word_1_360' title='bbox 983 4445 1136 4508; x_wconf 84' lang='lat' dir='ltr'><strong>theologicis</strong></span> <span class='ocrx_word' id='word_1_361' title='bbox 1155 4454 1174 4497; x_wconf 91' lang='lat' dir='ltr'><strong>t.</strong></span> <span class='ocrx_word' id='word_1_362' title='bbox 1195 4446 1239 4497; x_wconf 87' lang='lat' dir='ltr'><strong>lX.</strong></span> <span class='ocrx_word' id='word_1_363' title='bbox 1259 4449 1352 4513; x_wconf 72' lang='lat' dir='ltr'><strong>pote</strong></span> <span class='ocrx_word' id='word_1_364' title='bbox 1362 4463 1414 4513; x_wconf 83' lang='lat' dir='ltr'><strong>sqq.</strong></span> 
     </span>
     <span class='ocr_line' id='line_1_42' title="bbox 330 4527 1025 4593; baseline 0.004 -17"><span class='ocrx_word' id='word_1_365' title='bbox 330 4528 351 4592; x_wconf 78' lang='lat'><strong>⁴)</strong></span> <span class='ocrx_word' id='word_1_366' title='bbox 371 4527 396 4576; x_wconf 90' lang='lat' dir='ltr'><strong>ln</strong></span> <span class='ocrx_word' id='word_1_367' title='bbox 416 4527 572 4578; x_wconf 88' lang='lat' dir='ltr'><strong>editionibus</strong></span> <span class='ocrx_word' id='word_1_368' title='bbox 591 4544 639 4578; x_wconf 86' lang='lat' dir='ltr'><strong>non</strong></span> <span class='ocrx_word' id='word_1_369' title='bbox 660 4536 733 4579; x_wconf 88' lang='lat' dir='ltr'><strong>recte</strong></span> <span class='ocrx_word' id='word_1_370' title='bbox 752 4530 905 4593; x_wconf 79' lang='lat' dir='ltr'><strong>exhibetur3</strong></span> <span class='ocrx_word' id='word_1_371' title='bbox 924 4547 948 4581; x_wconf 84' lang='lat' dir='ltr'><strong>v.</strong></span> <span class='ocrx_word' id='word_1_372' title='bbox 967 4531 985 4580; x_wconf 95' lang='lat' dir='ltr'><strong>l.</strong></span> <span class='ocrx_word' id='word_1_373' title='bbox 1003 4546 1025 4579; x_wconf 76' lang='lat' dir='ltr'><strong>c</strong></span> 
     </span>
    </p>
   </div>
   <div class='ocr_carea' id='block_1_6' title="bbox 0 0 1654 5109">
    <p class='ocr_par' dir='ltr' id='par_1_9' title="bbox 0 0 1654 5109">
     <span class='ocr_line' id='line_1_43' title="bbox 0 0 1654 5109; baseline 0 0"><span class='ocrx_word' id='word_1_374' title='bbox 0 0 1654 5109; x_wconf 95' lang='lat' dir='ltr'><strong> </strong></span> 
     </span>
    </p>
   </div>
  </div>
 </body>
</html>
