3300 5109
689 374 889 439 ..9-

209 572 284 632 quae
319 560 390 615 sunt
424 552 453 613 in
487 561 550 615 acta
581 560 610 615 et
643 552 672 614 in
708 551 856 631 evangelia
884 568 981 632 neque
1009 570 1076 614 cum
1098 552 1121 613 F
1144 570 1242 632 neque
1264 555 1378 615 cumb

208 660 386 729 congruunt.

293 751 316 812 F
340 759 371 813 et
393 753 415 811 ll
439 751 557 813 easdem
587 751 809 831 capitulationes
833 749 945 812 habent
972 750 1039 812 inde
1062 770 1077 811 a
1100 750 1122 814 l.
1145 751 1180 812 ad
1212 750 1379 813 Corinthios

209 869 305 930 usque
338 851 374 912 ad
405 850 562 931 epistulam
592 851 626 911 ad
650 850 855 911 Philemonem
883 858 912 911 et
933 848 965 910 in
996 848 1150 930 epistulam
1173 849 1275 911 iacobi
1303 858 1335 912 et
1356 852 1378 912 l.

209 949 297 1011 Petri.
343 950 515 1011 Ceterarum
551 949 744 1029 epistularum
780 948 990 1010 canonicarum
1023 947 1266 1027 capitulationum
1300 950 1379 1011 tituli

208 1048 359 1126 differunt,
383 1066 528 1110 numerus
552 1048 680 1127 capitum
703 1048 783 1109 idem
805 1058 860 1110 est.
890 1047 923 1108 ln
945 1046 1155 1125 capitulatione
1179 1047 1322 1127 epistulae
1343 1049 1379 1111 ad

209 1148 359 1209 Romanos
394 1148 533 1209 differunt
562 1146 602 1208 23
626 1145 712 1227 primi
743 1146 831 1208 tituli.
876 1146 918 1207 lle
941 1144 1149 1226 capitulatione
1171 1146 1203 1207 in
1226 1145 1378 1209 Hebraeos

207 1266 232 1306 v.
257 1245 343 1308 inlra.
375 1246 620 1326 Capitulationem
654 1244 684 1305 in
708 1243 921 1325 {apocalypsim
950 1243 1051 1305 omisit
1072 1244 1106 1318 Α,
1137 1244 1234 1326 ipsum
1265 1245 1375 1308 librum

207 1344 310 1407 eodem
334 1345 424 1406 modo
448 1352 536 1423 atque
559 1344 581 1405 F
605 1343 730 1406 divisum
753 1343 853 1405 habet.
897 1342 1130 1423 Capitulationes
1152 1344 1185 1405 in
1206 1351 1271 1405 acta
1293 1346 1379 1425 plane

206 1443 356 1517 dillerunt,
390 1444 422 1503 in
456 1443 603 1523 evangelia
636 1442 699 1506 fieri
734 1460 792 1505 non
820 1442 977 1521 potuitut
1005 1452 1218 1521 congruerent,
1253 1444 1322 1524 quia
1354 1443 1377 1504 F

207 1550 349 1622 quattuor
371 1542 518 1619 evangelia
541 1542 572 1604 in
595 1558 687 1604 unum
712 1540 819 1603 librum
844 1548 994 1604 contracta
1017 1540 1113 1603 habet.

292 1640 315 1701 R
335 1642 511 1721 peculiarem
529 1640 676 1719 quandam
693 1639 932 1720 capitulationem
949 1639 1042 1702 multo
1057 1639 1232 1720 pauciorum
1246 1640 1378 1720 capitum

207 1739 306 1801 habet.
342 1740 415 1802 Cum
444 1739 533 1801 huius
556 1739 763 1820 capitulatione
786 1738 816 1800 in
839 1738 988 1801 Hebraeos
1011 1738 1162 1802 consentit
1184 1757 1218 1800 ea
1242 1748 1379 1819 quaeest

204 1839 236 1899 in
259 1838 290 1912 F,
315 1839 350 1900 de
373 1856 430 1918 qua
453 1856 542 1919 supra
566 1836 606 1919 (p.
632 1838 663 1912 6)
687 1836 799 1899 dietum
830 1846 885 1898 est.
930 1837 1101 1899 Secundum
1135 1838 1211 1900 hanc
1229 1838 1377 1917 epistula,

206 1955 281 2016 quae
303 1938 386 2016 prius
409 1937 493 2000 aliter
515 1936 606 1998 divisa
629 1945 701 2009 erat,
723 1956 739 1999 a
764 1954 855 1998 manu
875 1936 1041 2015 posteriore
1063 1935 1203 1997 distimta
1218 1947 1275 1998 est
1306 1936 1378 1998 Utra

206 2036 284 2097 enim
309 2034 411 2097 divisio
435 2036 517 2115 prior
539 2034 586 2107 sit,
616 2034 740 2097 dubium
763 2053 831 2096 esse
852 2034 964 2114 nequit,
992 2053 1059 2096 cum
1082 2034 1216 2114 priorum
1246 2034 1376 2114 capitum

207 2133 289 2195 initia
313 2152 373 2195 non
397 2134 492 2196 solum
516 2134 660 2207 numeris,
684 2132 847 2195 sedetiam
871 2132 964 2213 primo
991 2133 1137 2213 cuiusque
1166 2133 1268 2212 capitis
1292 2151 1378 2195 versu

205 2230 298 2294 rubro
333 2232 432 2295 colore
465 2232 543 2311 picto
576 2232 702 2293 indicata
732 2230 834 2311 sinu).
883 2232 946 2293 llac
973 2251 1007 2293 re
1031 2232 1059 2293 id
1082 2232 1162 2312 qnod
1184 2251 1273 2311 supra
1296 2234 1378 2295 affir-

207 2330 351 2392 mavimus
385 2330 608 2392 demonstratur
642 2330 750 2392 codicis
772 2329 928 2392 Fuldensis
961 2330 1075 2392 auctori
1106 2331 1165 2393 duo
1200 2331 1377 2411 exemplaria

207 2428 347 2502 adfuisse,
375 2429 404 2490 id
429 2430 508 2509 quod
525 2430 608 2490 novis
630 2428 812 2507 argumentis
835 2428 912 2491 inlra
935 2429 1179 2492 confirmabimus
1200 2430 1244 2511 (p.
1261 2430 1299 2491 16
1311 2431 1377 2512 sq.).

292 2528 414 2589 Codices
449 2528 485 2588 de
519 2527 626 2608 quibus
660 2526 857 2589 disseruimus
890 2527 980 2589 alium
1014 2547 1049 2589 ex
1078 2528 1135 2589 alio
1163 2546 1226 2591 non
1249 2529 1379 2609 pendere

140 2636 142 2640 ·
209 2627 243 2687 iis
267 2644 342 2707 quae
368 2627 556 2707 exposuimus
578 2625 731 2706 probabile
753 2626 794 2687 lit.
840 2626 922 2698 Quae
951 2626 1043 2705 igitur
1065 2627 1234 2689 communia
1257 2627 1377 2701 habent,

206 2726 230 2786 si
255 2725 329 2787 alius
352 2724 387 2786 ab
410 2725 467 2786 alio
483 2743 544 2786 non
567 2725 687 2805 accepit,
711 2744 746 2786 ex
769 2724 921 2787 communi
944 2724 1075 2805 quodam
1097 2725 1182 2788 iente
1205 2725 1377 2789 deducenda

204 2833 285 2885 sunt.
317 2824 381 2895 Qua
405 2823 442 2885 de
465 2843 498 2885 re
521 2823 695 2898 videbimus,
718 2842 787 2885 cum
809 2823 847 2886 de
869 2824 976 2886 ceteris
992 2823 1090 2886 tribus
1104 2823 1242 2886 codicum
1259 2814 1378 2888 familiis

205 2921 362 2999 egerimus.

293 3020 448 3081 Secundae
464 3018 565 3082 classis
580 3018 715 3080 codicum
731 3019 903 3081 Parisinum
916 3020 929 3079 l
943 3018 969 3093 ²)
985 3019 1057 3098 (l)a
1073 3019 1192 3082 Viriano
1209 3022 1378 3083 monasterii

209 3120 238 3180 S.
264 3118 382 3180 Martini
405 3116 587 3179 Turonensis
611 3116 717 3179 abbate
745 3124 776 3179 et
803 3117 958 3180 monachis
984 3118 1048 3180 eius
1078 3118 1140 3197 regi
1162 3119 1268 3181 Carolo
1291 3121 1378 3183 Calvo

206 3217 283 3277 dono
319 3216 449 3279 oblatum
485 3234 548 3277 esse
577 3216 686 3278 docent
708 3234 810 3279 versus
837 3217 869 3278 in
893 3217 1036 3278 honorem
1060 3217 1155 3279 Caroli
1177 3219 1255 3297 regis
1277 3219 1377 3300 scripti

206 3315 256 3394 qui
278 3316 310 3376 in
331 3316 382 3377 lol.
407 3314 469 3376 422
492 3332 516 3376 r.
541 3316 679 3394 leguntur
689 3314 722 3388 ³).
766 3315 801 3377 ln
830 3335 885 3377 suo
917 3316 1098 3378 monasterio
1120 3316 1274 3380 vivianum
1297 3317 1378 3379 bunc

206 3413 337 3475 codicem
362 3413 448 3475 etiam
473 3413 662 3476 scribendum
687 3413 838 3476 curavisse
860 3422 964 3476 nostro
987 3414 1051 3477 iure
1073 3433 1233 3478 sumemus.

274 3611 295 3676 ¹)
314 3610 351 3662 Cf.
371 3612 457 3663 llanke
476 3629 499 3679 p.
508 3613 566 3663 492.
908 3673 912 3677 ¹

273 3693 295 3757 ²)
315 3692 351 3745 uf.
371 3693 469 3745 Delisle
487 3694 594 3745 Cabinet
613 3694 657 3745 des
675 3693 830 3747 manuscrits
847 3701 867 3745 t.
880 3693 921 3745 lli.
940 3711 962 3760 p.
976 3695 1034 3747 234.

272 3776 291 3837 ⁸)
312 3776 408 3827 Versus
426 3776 468 3842 qui
487 3784 514 3827 et
532 3776 556 3825 in
574 3776 621 3827 hoc
640 3776 727 3827 codiee
745 3784 772 3828 et
790 3776 816 3827 in
835 3775 955 3829 Parisino
973 3772 1041 3842 2(el'.
1055 3793 1078 3842 p.
1093 3778 1135 3840 ld)
1154 3778 1240 3828 insunt
1257 3778 1378 3831 Balnzioe

204 3858 354 3924 capitularia
382 3866 401 3909 t.
416 3857 444 3909 ll.
468 3858 517 3909 eol.
544 3857 609 3911 1566
628 3874 680 3925 sqq.
699 3858 811 3911 exhibet.
831 3859 918 3911 -De
942 3859 1053 3910 Viviano
1076 3876 1101 3911 v.
1126 3858 1250 3911 ilabilloo
1273 3862 1378 3912 annales

204 3938 427 3991 benedictinorum
445 3947 465 3991 t.
478 3939 507 3991 ll.
520 3957 543 4006 p.
556 3940 614 3991 658.
651 3938 826 3991 deviximus
845 3947 872 3993 et
890 3941 1032 4003 Aregarius
1056 3941 1100 4007 qui
1124 3957 1179 3993 cnm
1203 3942 1300 3994 dnobus
1318 3943 1379 3995 aliis

204 4022 334 4075 monachis
353 4022 377 4073 in
397 4023 452 4074 illis
470 4023 590 4075 versibus
608 4023 780 4085 nominantur,
799 4038 831 4074 ex
850 4023 1022 4076 instrumento
1040 4023 1155 4090 quodam,
1173 4025 1267 4088 quoda
1286 4024 1379 4077 diabil-

205 4103 263 4155 lone
283 4104 309 4155 in
328 4106 467 4171 appendice
485 4112 504 4155 t.
522 4103 552 4155 ll.
570 4120 595 4170 p.
605 4105 654 4156 746
674 4105 823 4170 exhibetur,
848 4106 922 4156 nobis
944 4105 1000 4156 neti
1024 4112 1092 4156 sunt.
1127 4104 1296 4170 Benedictini‚
1315 4122 1378 4172 quo-

206 4201 260 4235 rum
279 4186 407 4238 sententia
425 4187 502 4238 etiarn
522 4186 578 4237 viro
602 4184 782 4237 illustrissimo
806 4187 904 4238 Delisle
932 4187 1026 4238 arrisit
1043 4187 1078 4249 (v.
1092 4188 1114 4239 l.
1134 4187 1161 4249 l.)
1179 4188 1246 4238 bunc
1264 4188 1378 4239 codicem

206 4267 292 4318 Caroli
305 4266 391 4331 Magni
410 4268 567 4335 temporibus
580 4268 713 4321 vindicare
733 4270 885 4321 studuerunt
904 4272 937 4332 (v.
950 4284 1069 4320 nouvean
1087 4265 1165 4321 traitd
1182 4269 1214 4320 de
1232 4269 1378 4336 diplomati-

205 4364 251 4414 que
270 4356 289 4401 t.
308 4348 348 4401 lll.
367 4367 390 4417 p.
413 4350 480 4415 133),
505 4366 560 4403 cunr
577 4351 605 4402 in
624 4350 743 4403 versibus
768 4350 811 4417 qni
834 4365 880 4417 per
898 4351 1011 4403 codicem
1029 4351 1114 4417 sparsi
1133 4357 1200 4414 sunt,
1224 4351 1317 4403 Carolo
1336 4351 1378 4403 illi

206 4446 295 4483 nomen
314 4431 396 4484 David
415 4432 522 4483 inditum
541 4432 584 4495 sit,
603 4449 650 4499 quo
670 4433 794 4485 Alcuinus
813 4432 932 4485 Carolurn
950 4433 1081 4499 appellare
1098 4432 1192 4486 solitus
1211 4433 1256 4485 sit.
1283 4433 1379 4485 Putant

207 4513 287 4576 igitur
309 4514 375 4564 bunc
397 4515 508 4565 codicem
529 4514 559 4567 ab
579 4514 688 4566 Aleuino
713 4514 805 4567 Carolo
829 4513 921 4579 Magno
944 4515 1113 4581 destinatum,
1136 4516 1181 4567 sed
1199 4516 1286 4569 neseio
1304 4531 1376 4583 quarn
