3300 5109
357 319 366 335 ι
692 320 745 335 x·

350 330 576 365 οινι“οό”
616 348 648 366 ι.
692 348 749 365 ευ
817 333 823 346 “

344 360 540 397 '0⁶0⁰0'··'
573 362 644 393 ‘'-s
692 378 730 397 ,ι
816 367 825 383 ⁰

434 390 572 426 ’nah
615 394 855 472 ··.0.‚“'.⁸·⁰4

746 449 787 460 ..
900 446 944 455 -.

255 588 345 649 divini
373 587 526 649 avidorum
556 586 708 648 desideriis
737 586 977 649 satisfaciendum
1008 595 1099 660 esset,
1134 602 1263 665 aequum
1298 590 1361 644 erat
1394 602 1427 644 ea

255 705 331 768 quae
346 705 402 749 usu
425 688 610 749 saeculorum
633 695 750 766 recepta
773 697 803 747 et
817 686 941 767 probata
957 692 1042 747 erant
1058 703 1146 765 quam
1163 684 1291 745 maxime
1307 701 1428 745 conser-

255 786 330 855 vari,
352 804 390 846 ne
418 785 652 847 inusitatioribus
676 785 853 847 lectionibus
877 786 1009 864 legentes
1032 784 1077 845 sel
1100 785 1254 846 audientes
1277 783 1388 846 turbati
1411 802 1427 843 a

254 885 343 946 rebus
367 884 458 946 sacris
482 882 710 946 abducerentur.
756 884 796 947 lta
819 894 920 946 tamen
947 884 1010 945 lieri
1032 902 1094 945 non
1116 884 1223 964 potuit,
1255 884 1329 963 quin
1353 901 1427 943 nova

255 983 344 1046 editio
367 981 611 1046 antecedentibus
628 983 806 1045 editionibus
822 984 959 1064 inprimis
976 983 1170 1045 Hentenianis
1193 984 1287 1044 multo
1303 982 1427 1044 similior

256 1084 394 1145 eraderet
426 1102 512 1164 quam
548 1082 678 1162 antiquis
707 1082 867 1145 codicibus.
913 1083 1017 1163 Neque
1039 1100 1109 1144 sero
1140 1081 1263 1144 ecclesia
1287 1081 1427 1143 catholica

254 1184 331 1244 viros
363 1182 492 1244 eruditos
515 1182 610 1243 studia
645 1182 753 1261 privata
781 1182 811 1242 in
839 1182 979 1261 genuinis
1008 1200 1044 1242 ex
1072 1180 1156 1242 libris
1186 1200 1255 1243 mss.
1287 1179 1427 1241 eruendis

254 1281 432 1343 lectionibus
454 1281 625 1361 impendere
641 1281 733 1342 vetuit
755 1288 844 1361 atque
869 1288 970 1341 nostra
992 1288 1088 1341 aetate
1111 1279 1300 1341 doctissimus
1316 1280 1428 1339 Barna-

255 1380 315 1443 bita
330 1381 509 1454 Vercellone‚
533 1380 616 1442 ouius
639 1380 824 1461 potissimum
842 1398 931 1459 opera
948 1379 1046 1441 studia
1061 1380 1209 1441 editorum
1225 1380 1427 1440 Romanorum

255 1480 285 1540 in
307 1480 403 1541 lucem
425 1481 537 1559 prolata
560 1487 639 1549 sunt,
671 1497 789 1541 summo
804 1479 944 1559 pontifice
966 1478 1148 1559 approbante
1170 1478 1264 1540 varias
1286 1477 1427 1539 lectiones

254 1578 395 1640 librorum
422 1596 490 1641 mss.
513 1577 621 1657 publici
644 1578 716 1640 iuris
739 1577 837 1639 faeere
859 1578 965 1658 eoepit,
989 1578 1069 1658 quod
1092 1596 1169 1657 opus
1191 1595 1260 1639 eum
1282 1595 1344 1637 non
1359 1593 1428 1655 per·

254 1676 359 1739 fecisse
386 1677 548 1739 dolendum
576 1685 629 1737 est.
676 1678 771 1757 Atque
798 1676 887 1737 etiam
916 1676 1090 1739 continuum
1115 1676 1190 1738 Novi
1212 1676 1292 1738 Test.
1314 1682 1426 1736 textum

256 1775 392 1839 Latinum
415 1776 628 1856 antiquissimis
652 1775 842 1856 potissimum
859 1775 1035 1856 quibusdam
1052 1774 1203 1837 codicibus
1218 1774 1358 1837 adhibitis
1374 1773 1428 1834 viri

256 1875 335 1937 docti
361 1874 521 1954 evangelici
550 1883 579 1937 et
601 1875 811 1937 Lachmannus
838 1884 868 1936 et
889 1875 1130 1937 Tischendortius
1156 1874 1338 1936 constituere
1364 1880 1428 1934 stu-

256 1974 393 2036 duerunt.
424 1974 526 2054 Neque
548 1984 649 2036 tamen
673 1993 706 2036 ea
728 1973 873 2036 librorum
895 1992 967 2035 mss.
984 1973 1152 2053 cognitione
1173 1973 1312 2035 instructi
1335 1977 1428 2044 erant,

256 2081 290 2135 ut
311 2080 358 2135 tot
379 2073 563 2153 temporibus
587 2072 719 2153 locisque
742 2072 929 2135 diversorum
957 2072 1093 2133 codicum
1117 2089 1224 2152 genera
1245 2071 1429 2149 familiasque

256 2172 425 2233 discernere
447 2181 535 2252 atque
551 2171 674 2251 singulis
690 2172 834 2251 cuiusque
856 2172 956 2233 classis
972 2170 1124 2233 codicibus
1139 2172 1323 2250 singulisque
1344 2168 1429 2231 eodi-

257 2290 324 2333 cum
348 2270 488 2333 elassibus
510 2270 676 2334 accuratius
699 2270 777 2332 inter
800 2290 833 2332 se
857 2269 970 2332 collatis
993 2270 1136 2332 certiores
1160 2270 1303 2351 quasdam
1319 2268 1429 2345 Vulga-

256 2374 305 2433 tae
324 2371 526 2432 recensendae
549 2387 671 2431 normas
694 2386 807 2449 ponere
830 2377 963 2449 possent.

341 2468 436 2532 Huius
459 2469 555 2549 operis
578 2468 715 2531 tentandi
739 2486 792 2547 ego
809 2469 967 2531 consilium
989 2468 1065 2531 inire
1087 2476 1118 2528 et
1140 2466 1327 2545 egregiorum
1352 2482 1428 2544 quo-

255 2569 382 2631 rundam
394 2568 524 2629 virorum
538 2568 693 2629 doctomm
706 2568 909 2631 benevolentia
926 2581 956 2629 et
972 2565 1229 2629 commendatione
1243 2584 1316 2627 usus
1332 2563 1429 2625 virum

256 2667 547 2740 excellentissimum,
571 2667 622 2747 qui
643 2667 727 2747 regni
750 2667 899 2730 Borussici
929 2686 977 2728 res
1007 2665 1218 2728 ecclesiasticas
1242 2662 1429 2726 scholasticas

257 2767 444 2832 medicinales
467 2767 622 2846 gubernat,
645 2773 679 2828 ut
701 2785 774 2847 opes
797 2767 834 2828 ad
856 2785 920 2828 rem
936 2765 1156 2845 suscipiendam
1172 2772 1202 2825 et
1217 2762 1427 2845 perficiendam

257 2866 382 2946 benigne
404 2866 582 2927 concederet
604 2865 687 2927 adire
710 2884 799 2927 ausus
822 2885 900 2928 sum.
931 2865 988 2937 Qui
1003 2863 1135 2927 consiliis
1156 2864 1230 2925 nreis
1253 2881 1320 2924 cum
1337 2862 1430 2923 bene-

256 2965 384 3027 volentia
407 2965 537 3044 exceptis
561 2965 632 3025 mihi
654 2964 750 3026 iuveni
774 2964 876 3044 ignoto
899 2972 929 3025 et
950 2964 1105 3043 inexperto
1121 2981 1238 3024 summa
1254 2961 1429 3023 liberalitate

256 3064 425 3125 facultatem
455 3063 531 3125 vires
555 3082 648 3137 meas,
679 3062 705 3124 si
735 3081 809 3142 quae
833 3070 943 3136 essent,
972 3061 1119 3142 probandi
1146 3068 1176 3122 et
1206 3061 1355 3139 quomodo
1382 3076 1430 3120 res

256 3163 408 3224 tractanda
438 3168 518 3223 esset
547 3162 732 3223 monstrandi
763 3161 916 3241 praebuit,
944 3180 1012 3222 cum
1044 3160 1117 3221 mihi
1144 3160 1314 3232 mandaret,
1343 3164 1377 3218 ut
1398 3157 1430 3217 in

256 3269 370 3341 partem
400 3261 526 3340 aliquam
551 3260 689 3337 Vulgatae
713 3260 751 3322 ita
776 3260 971 3339 inquirerem,
995 3258 1146 3337 quomodo
1173 3257 1343 3319 universam
1366 3264 1428 3316 tra·

257 3368 337 3421 ctare
371 3359 442 3421 mihi
476 3359 507 3420 in
531 3359 629 3420 animo
664 3367 752 3421 esset.
797 3357 899 3437 ltaque
933 3356 1136 3418 munificentia
1158 3355 1268 3434 egregii
1298 3353 1429 3415 ministri

257 3458 375 3521 adiutus
399 3457 589 3519 bibliothecas
612 3457 710 3520 ltaliae
733 3465 762 3518 et
783 3456 921 3518 Lutetiae
943 3456 1012 3529 adii,
1043 3464 1075 3517 ut
1100 3472 1201 3516 earum
1225 3454 1317 3534 copiis
1339 3452 1430 3515 libro-

257 3576 324 3619 rum
349 3576 418 3620 mss.
441 3557 627 3637 perlustratis
651 3556 793 3636 epistulae
816 3556 847 3616 S.
863 3556 947 3617 Pauli
962 3556 997 3617 ad
1020 3555 1136 3616 Galatas
1151 3554 1290 3633 Vulgatae
1307 3552 1429 3613 Latinae

257 3656 407 3735 antiquam
435 3659 578 3727 formam,
607 3656 632 3716 si
660 3655 723 3716 lieri
753 3664 869 3735 posset,
897 3654 1095 3715 restituerem.
1141 3653 1205 3725 Qua
1234 3652 1267 3713 in
1293 3670 1327 3713 re
1355 3668 1430 3730 quae

256 3754 417 3834 profecisse
448 3754 519 3815 mihi
548 3754 652 3815 videor
678 3754 704 3815 si
727 3754 757 3814 in
780 3752 931 3834 publicum
961 3770 1113 3833 propono,
1143 3751 1282 3813 omnibus
1310 3748 1362 3829 qui
1384 3748 1430 3809 his

256 3853 364 3914 studiis
386 3853 484 3914 favent
505 3870 566 3913 non
593 3852 740 3931 ingratum
765 3871 813 3913 me
836 3852 986 3913 facturum
1011 3870 1078 3914 esse
1100 3870 1198 3931 spero.
1243 3850 1429 3930 Quamquam

257 3970 355 4031 neque
377 3969 499 4023 omnem
522 3969 598 4030 quae
620 3958 715 4011 exstat
745 3951 889 4013 librorum
919 3970 990 4012 mss.
1021 3952 1129 4012 molem
1152 3948 1325 4031 perquirere
1346 3946 1431 4026 potui

258 4069 356 4130 neque
379 4052 483 4130 ignoro
507 4050 712 4129 quaestionem
735 4050 771 4110 de
791 4067 980 4129 quacumque
1002 4057 1086 4129 parte
1108 4048 1246 4128 Vulgatae
1262 4046 1430 4108 institutam

258 4149 340 4230 prius
363 4149 397 4211 ad
422 4157 537 4210 certum
561 4149 710 4227 quendam
733 4148 824 4209 tinem
847 4149 970 4229 perduci
999 4167 1061 4210 non
1083 4166 1172 4228 posse
1194 4164 1283 4226 quam
1308 4144 1430 4207 univer-

221 4268 222 4271 *
259 4248 404 4310 sacratio
427 4249 543 4327 cognita
566 4256 595 4309 et
618 4257 770 4327 perspecta
793 4248 841 4308 sit.
886 4247 999 4308 Tamen
1022 4247 1249 4328 qualiacumque
1264 4244 1338 4307 haec
1360 4252 1431 4304 sunt

259 4366 334 4427 quae
356 4364 500 4428 propono,
524 4346 574 4427 qui
597 4346 735 4425 Vulgatae
758 4366 877 4427 operam
900 4345 1037 4407 tribuunt
1065 4343 1209 4426 quidquid
1232 4342 1307 4405 lucis
1331 4341 1431 4421 copiae

258 4445 298 4505 illi
320 4446 464 4507 librorum
488 4464 570 4517 mss,
594 4446 646 4525 qui
668 4445 799 4507 tenebris
822 4444 1069 4507 bibliothecarum
1086 4442 1187 4505 obruti
1201 4442 1307 4512 iacent,
1330 4440 1430 4501 adfer-

257 4552 307 4605 tur
327 4543 396 4605 laeti
421 4544 577 4623 excipient.
624 4544 655 4605 Si
680 4563 748 4605 vero
778 4563 852 4623 quae
874 4544 986 4604 tentavi
1018 4543 1088 4605 viris
1110 4541 1233 4604 eruditis
1254 4540 1333 4601 band
1358 4557 1430 4617 pro-
