3300 5109
690 381 913 444 „15-

301 557 336 619 ln
358 558 386 619 θ
408 575 510 619 versus
531 556 653 637 quidam
675 557 817 638 leguntur
839 556 947 637 quihus
966 556 1149 620 Vheodullus
1171 576 1204 619 se
1228 576 1294 619 esse
1315 576 1389 620 auc-

217 663 314 719 torem
336 655 446 718 codicis
469 655 547 717 dicit.
577 656 690 719 Tamen
712 656 762 718 hic
783 656 876 719 codex
899 674 959 717 non
978 656 1058 719 idem
1075 664 1120 719 est
1135 666 1223 737 atque
1237 657 1274 730 is,
1297 675 1388 737 quem

217 755 265 816 ille
293 754 383 817 scribi
410 754 496 817 iussit
522 766 674 835 tamquam
701 755 849 835 exemplar
871 773 971 818 sacrae
993 755 1158 837 scripturae
1180 757 1298 835 qualem
1321 773 1388 817 eam

218 863 352 917 ornatam
375 862 404 915 et
426 854 602 916 recensitam
626 854 721 929 vellet,
755 854 807 917 sed
829 857 955 916 fortasse
985 873 1022 916 ex
1049 855 1107 916 hoc
1134 854 1198 935 ipso
1221 854 1388 936 descriptus

218 962 272 1015 est.
316 952 417 1015 Exstat
438 952 519 1014 enim
542 953 615 1015 alter
636 953 739 1027 codex,
773 953 824 1034 qui
847 963 1017 1016 asservatur
1038 953 1072 1014 in
1094 953 1216 1015 ecclesia
1239 952 1322 1015 urbis
1346 954 1387 1015 du

218 1052 290 1133 Pup,
313 1052 402 1115 huius
424 1060 485 1114 tam
507 1050 621 1125 similis,
645 1060 678 1114 ut
694 1051 840 1129 exteriore
856 1052 958 1114 habitu
972 1052 1020 1113 vix
1041 1052 1182 1115 differant
1193 1049 1224 1132 ¹).
1254 1052 1388 1115 Contulit

218 1150 273 1213 hos
288 1170 342 1231 per
357 1151 432 1213 duos
447 1150 538 1212 libros
553 1151 668 1231 Regum
684 1151 792 1213 Delisle
807 1151 858 1226 ita,
881 1160 915 1213 ut
929 1151 1165 1214 luculentissimo
1181 1151 1318 1232 exemplo
1335 1151 1389 1213 de-

219 1255 408 1325 monstraret,
423 1250 574 1330 quomodo
586 1248 652 1311 libri
663 1250 698 1312 ad
710 1268 806 1312 unum
823 1251 973 1331 exemplar
984 1249 1143 1313 redeuntes
1156 1250 1259 1312 variati
1274 1259 1385 1312 essent

218 1350 312 1411 Erant
334 1348 415 1411 enim
436 1348 468 1410 in
492 1348 624 1428 margine
646 1348 755 1411 codicis
771 1350 927 1411 Theodulli
944 1349 1041 1412 variae
1058 1348 1200 1411 lectiones
1215 1349 1389 1429 adscriptae,

219 1465 345 1528 quarum
378 1447 429 1528 qui
462 1447 594 1511 codicem
628 1454 698 1527 post
731 1448 945 1522 describebant,
974 1448 1044 1510 alias
1068 1465 1177 1510 rursus
1205 1448 1237 1509 in
1260 1447 1391 1528 margine

219 1564 345 1609 suorum
378 1545 523 1608 librorum
556 1546 716 1626 ponebant,
751 1547 821 1609 alias
855 1546 1043 1621 omittebant,
1078 1546 1148 1609 alias
1181 1565 1236 1627 pro
1269 1546 1390 1627 antiqua

220 1644 347 1707 lectione
368 1643 597 1707 substituebant.
628 1646 702 1707 Nam
724 1647 756 1708 in
779 1646 914 1726 margine
936 1645 1070 1725 vulgares
1091 1645 1155 1708 fere
1176 1646 1317 1708 lectiones
1339 1644 1392 1706 ad·
1462 1716 1466 1718 g

220 1744 349 1824 scriptae
371 1753 466 1807 erant.
504 1743 566 1805 lam
589 1762 691 1805 earum
714 1744 788 1805 alter
810 1745 903 1807 codex
926 1745 1034 1807 multas
1057 1744 1167 1818 omisit,
1191 1763 1266 1825 quae
1287 1744 1393 1807 insunt

220 1842 252 1906 in
275 1842 420 1917 Parisino,
443 1861 550 1923 paucas
573 1842 673 1916 habet,
703 1862 778 1923 quae
800 1843 832 1905 111
853 1843 903 1905 illo
926 1844 1043 1915 desunt,
1077 1843 1235 1904 nonnullas
1261 1843 1294 1904 in
1316 1859 1393 1904 con-

220 1949 302 2005 textu
325 1941 440 2022 posuit;
462 1948 567 2005 contra
589 1941 622 2004 in
645 1942 779 2004 Parisino
802 1942 882 2005 nulla
905 1942 1026 2022 antiqua
1040 1942 1129 2004 lectio
1144 1961 1160 2002 6
1176 1948 1259 2003 textu
1274 1949 1388 2002 remota

222 2048 276 2102 est.
314 2040 395 2113 Quae
419 2040 504 2114 ratio,
528 2041 629 2120 siper
653 2060 757 2103 omnes
780 2040 872 2103 libros
895 2060 994 2103 sacros
1017 2048 1142 2115 constet,
1165 2040 1195 2102 id
1218 2040 1298 2121 quod
1319 2058 1391 2119 pro·

221 2137 317 2199 habile
351 2146 406 2210 est,
438 2138 615 2219 scriptorem
650 2140 757 2202 codicis
789 2140 914 2202 Parisini
947 2140 1113 2203 accuratius
1146 2157 1236 2218 quam
1268 2138 1389 2203 alterius

221 2237 370 2317 exemplar
391 2236 546 2299 Theodulfi
569 2237 734 2300 reddidisse
756 2238 951 2300 iudicandum
975 2245 1031 2301 est.

306 2333 464 2397 Lectiones
497 2335 607 2398 codicis
636 2335 760 2399 Parisini
788 2356 823 2398 ex
851 2336 993 2417 Hispanis
1027 2345 1057 2398 et
1085 2336 1255 2416 vulgaribus
1289 2335 1393 2397 mistas

222 2452 287 2494 esse
310 2433 450 2496 vidimus.
489 2434 658 2497 Occurrunt
681 2444 778 2498 autern
802 2435 834 2497 in
856 2455 892 2496 eo
915 2436 946 2497 in
970 2436 1096 2516 epistula
1118 2435 1155 2496 ad
1178 2434 1293 2497 Galatas
1317 2453 1392 2496 non-

221 2532 321 2594 nullae
342 2532 494 2604 lectiones,
517 2552 592 2613 quae
615 2552 711 2614 neque
733 2534 765 2595 in
788 2542 853 2595 1161
874 2556 893 2595 a
909 2552 1012 2615 neque
1034 2534 1066 2596 in
1088 2534 1193 2596 ceteris
1215 2533 1298 2595 libris
1321 2553 1395 2595 mss.

220 2631 359 2710 Vulgatae
381 2632 575 2707 inveniuntur
597 2630 647 2711 (cl.
671 2634 692 2705 l,
718 2634 766 2695 19.
791 2634 825 2707 11,
849 2631 899 2694 21.
924 2633 972 2707 111,
997 2632 1047 2695 28.
1071 2633 1118 2704 11,
1141 2631 1192 2693 26.
1213 2631 1264 2694 26.
1287 2634 1320 2706 V,
1345 2632 1393 2692 14.

220 2730 352 2805 Vl,11).
385 2731 515 2811 Apparet
537 2730 627 2809 igitur
648 2732 847 2793 Theodullum
871 2739 933 2793 tres
948 2739 1029 2793 certe
1044 2731 1161 2793 codices
1177 2730 1394 2793 diversissimos

220 2830 257 2890 ad
281 2836 393 2891 textum
417 2847 534 2892 sacrum
558 2829 803 2892 constituendum
825 2830 1008 2892 adhibuisse.

307 2926 440 3005 Denique
455 2928 514 2991 duo
537 2927 653 2989 codices
676 2928 853 2991 Casinenses
875 2927 937 2989 552
954 2929 1004 3007 (Vl)
1020 2928 1128 2991 61557
1145 2924 1199 3007 16)
1215 2928 1394 2991 recentiores

222 3025 353 3106 quidem,
387 3026 460 3089 alter
481 3025 529 3087 Xl.
552 3027 617 3088 1616
639 3028 757 3101 saeculi,
781 3026 1070 3102 611611111.-11111.,
1094 3028 1146 3089 sed
1169 3033 1283 3091 textum
1313 3036 1395 3090 certe

221 3125 299 3187 haud
333 3126 420 3206 paulo
442 3124 640 3205 antiquiorem
663 3126 836 3189 exhibentes
865 3126 1040 3206 neglegendi
1064 3145 1131 3188 esse
1159 3137 1221 3188 non
1248 3125 1394 3187 videntur.

222 3222 365 3299 Ordinem
397 3223 543 3286 librorum
576 3223 651 3287 lVovi
678 3226 758 3287 Test.
797 3244 866 3288 cum
901 3225 1050 3288 codicibus
1084 3224 1120 3285 X.
1144 3224 1394 3292 611116666111

221 3340 411 3385 communem
433 3323 560 3385 habent:

307 3420 415 3500 Evang.
459 3428 521 3483 acta
545 3430 638 3503 apost.
674 3421 758 3502 epist.
783 3440 888 3485 canon.
929 3422 1039 3503 apocal.
1079 3422 1164 3502 epist
1179 3421 1261 3483 Pauli
1272 3421 1395 3501 (desunt

106 3522 115 3541 ⁸
221 3524 321 3579 tamen
345 3520 493 3597 evangelia
517 3520 548 3580 in
571 3520 624 3595 at),
647 3521 698 3581 sed
722 3520 900 3601 singularem
924 3521 1073 3601 quandam
1097 3519 1338 3600 capitulationem
1362 3519 1393 3579 S.

222 3616 307 3679 Pauli
329 3616 478 3690 exhibent,
513 3618 570 3679 nisi
600 3619 680 3698 quod
702 3618 732 3683 tt
754 3619 786 3681 in
818 3620 974 3699 epistulam
1002 3620 1037 3681 ad
1060 3618 1209 3683 Romanos
1231 3638 1295 3681 eam
1318 3637 1394 3699 quae

212 3715 372 3778 codicibus
405 3715 697 3778 666611111161111.
721 3717 871 3781 1661166116
905 3727 951 3780 661
983 3718 1128 3781 adhibuit.
1162 3718 1254 3779 lllam
1278 3718 1394 3779 soloin

222 3814 373 3876 Gasinensi
401 3814 462 3876 2113
492 3835 514 3876 6.
544 3814 617 3877 XlV.
647 3834 714 3878 cum
746 3816 804 3878 illis
837 3827 963 3896 cognato
987 3816 1138 3892 ·inveni¹).
1184 3816 1286 3878 Fuisse
1319 3816 1395 3876 hanc

221 3914 460 3994 capitulationem
485 3915 572 3977 etiam
596 3914 703 3976 codicis
725 3915 903 3977 Vachellani
925 3916 983 3976 BV
1000 3916 1085 3997 apud
1101 3915 1296 3976 Thomasium
1319 3914 1393 3993 l.·p.

222 4007 285 4073 '384
307 4032 372 4093 sqq.
394 4013 528 4092 legimus.
567 4012 625 4085 Qui
647 4012 740 4075 codex
762 4013 812 4075 ubi
834 4022 865 4076 et
886 4030 959 4077 num
982 4014 1071 4075 hodie
1093 4020 1197 4086 exstet,
1221 4013 1394 4091 ignoratur;

220 4110 253 4172 in
273 4110 452 4174 bibliotheca
476 4111 661 4175 Vallicellana
684 4111 756 4176 inde
777 4113 814 4173 ab
848 4112 932 4175 initio
956 4113 1045 4174 huius
1068 4112 1175 4174 saeculi
1200 4111 1394 4177 desideratur.

290 4365 309 4429 ¹)
328 4364 365 4417 Cl.
391 4364 567 4433 Bibliothdque
591 4368 635 4418 des
665 4366 803 4418 61611661.
822 4366 893 4417 XL.:
913 4367 950 4417 les
975 4366 1057 4417 biblos
1080 4367 1111 4416 de
1136 4362 1275 4415 Theodulie
1301 4379 1347 4431 par
1365 4364 1394 4416 1..

221 4447 330 4498 llclisle.

290 4530 310 4592 ²)
328 4527 366 4581 Gi.
388 4530 544 4583 Bibliotheca
562 4529 709 4581 Casinensis
728 4535 746 4580 t.
766 4527 795 4581 11.
815 4546 839 4595 p.
858 4530 1004 4581 ers-352.
