3300 5109
674 395 897 459 ..35-

341 575 376 635 lV
400 572 544 650 evangelia
589 572 670 633 Pauli
694 572 818 653 apostoli
843 572 985 652 epistulae
999 570 1078 634 Xllll
1123 572 1202 633 Petri
1224 580 1321 651 apost.
1344 572 1369 631 ll

343 671 488 733 lobannis
505 679 599 750 apost.
615 671 654 731 lll
685 670 784 732 iacobi
803 671 877 751 apl
920 671 1099 751 iudaeap.l
1142 680 1226 731 actus
1248 677 1370 750 aposto-

342 772 439 832 lorum
485 770 674 849 apocalypsis.

283 868 337 930 Hic
359 870 432 929 ordo
460 886 528 929 cum
559 868 698 929 omnibus
733 876 805 947 quot
839 887 893 946 ego
927 868 1046 947 quidem
1078 867 1192 948 inspexi
1220 866 1370 928 codicibus

199 967 338 1047 Vulgatae
373 969 526 1047 discrepat.
572 967 605 1027 lu
634 966 772 1028 omnibus
800 964 879 1029 enim
909 985 1011 1028 earum
1041 985 1116 1046 qnae
1138 965 1296 1029 canonicae
1319 985 1372 1026 vo-

198 1073 304 1127 cantur
326 1067 519 1147 epistularum
548 1066 642 1145 prima
670 1066 772 1127 Jacobi
808 1074 861 1127 est.
905 1067 939 1127 ln
973 1064 1188 1145 antiquioribus
1222 1064 1371 1127 codicibus

197 1164 309 1225 Latinis
333 1165 412 1226 Petri
436 1166 511 1227 duae
535 1164 678 1243 epistulae
701 1150 807 1226 ceteris
831 1165 1059 1236 antecedebant3
1081 1164 1111 1224 id
1135 1164 1213 1244 quod
1238 1164 1369 1226 etmulti

198 1263 342 1325 librorum
367 1282 519 1325 sacrorum
543 1264 656 1324 indices
679 1265 786 1325 docent
810 1272 840 1325 et
862 1264 997 1326 falsarius
1018 1264 1065 1323 ille
1088 1264 1148 1342 qui,
1172 1282 1240 1324 cum
1263 1263 1368 1324 Hiero·

198 1363 278 1443 nymi
302 1363 439 1444 prologus
463 1363 494 1423 in
517 1362 658 1441 epistulas
682 1362 839 1425 canonicas
856 1382 917 1425 non
934 1370 1071 1434 exstaret,
1095 1363 1202 1423 laisum
1220 1362 1369 1441 quendam

198 1480 256 1540 quo
280 1462 484 1523 testimonium
508 1462 598 1541 patris
622 1462 761 1541 verbique
784 1482 817 1523 ac
840 1462 990 1542 sanguinis
1014 1463 1046 1539 (l.
1070 1460 1134 1522 Job.
1152 1462 1185 1531 V,
1208 1458 1240 1537 8)
1262 1461 1369 1522 contir-

199 1567 302 1632 maret,
326 1561 507 1640 Hieronymo
530 1560 668 1631 subdidit,
702 1560 749 1622 his
773 1562 869 1623 verbis
898 1568 1039 1623 testatur:
1073 1559 1207 1621 ‘nonita
1230 1559 1304 1619 ordo
1327 1569 1372 1621 est

201 1659 277 1738 apud
303 1658 430 1720 Graecos
454 1705 460 1719 .
485 1704 492 1719 .
516 1704 523 1718 .
547 1658 740 1739 epistularum
764 1668 877 1739 septem
895 1678 970 1741 quae
986 1659 1146 1721 canonicae
1161 1667 1373 1737 nuncupantur

201 1768 235 1819 ut
261 1758 290 1818 in
309 1758 421 1819 Latinis
445 1757 593 1819 codicibus
616 1758 773 1832 invenitur,
797 1760 876 1839 quod
892 1768 995 1839 petrus
1010 1758 1123 1839 primus
1138 1766 1185 1840 est
1198 1757 1230 1817 in
1246 1774 1372 1818 numero

204 1857 419 1936 apostolorum,
444 1860 494 1935 [ut]
519 1857 630 1937 primae
654 1859 715 1918 siut
738 1858 824 1919 etiam
849 1858 911 1919 eius
935 1858 1076 1938 epistulae
1099 1857 1128 1917 in
1145 1855 1248 1917 ordine
1263 1864 1374 1917 cetera·

199 1957 284 2016 rum’.
330 1957 427 2035 Atque
458 1975 526 2017 cum
550 1956 728 2018 Cassiodorii
759 1956 931 2018 testimonio
962 1956 1172 2036 comprobetur
1193 1954 1223 2014 in
1246 1954 1374 2016 editione

198 2054 375 2135 Hieronymi
397 2054 552 2135 antiquum
577 2056 712 2117 ordinem
731 2056 924 2135 epistularum
942 2055 1151 2117 canonicarum
1166 2063 1372 2116 conservatum

198 2151 300 2225 luisse,
325 2154 469 2233 sequitur,
492 2163 525 2214 ut
549 2154 747 2233 Hieronymus
770 2162 872 2215 auctor
895 2154 1033 2233 Vulgatae
1056 2172 1117 2214 non
1140 2153 1187 2213 sit.

287 2252 413 2313 Enarrat
435 2252 633 2331 Hieronymus
666 2253 757 2314 libros
792 2271 891 2313 sacros
925 2253 1028 2313 ordine
1062 2252 1241 2313 Graecorum
1276 2249 1372 2311 indice

202 2349 436 2435 Graecovuescio
460 2370 519 2430 quo
543 2369 615 2412 usus
639 2350 667 2411 in
693 2351 817 2429 epistula
846 2351 891 2411 illa
916 2350 950 2412 ad
976 2351 1143 2422 Paulinum,
1178 2369 1253 2429 quac
1286 2358 1315 2410 et
1341 2349 1371 2409 iu

203 2448 381 2509 editionibus
416 2449 493 2529 typis
517 2448 663 2528 expressis
688 2458 716 2509 et
739 2450 769 2509 in
792 2449 875 2510 libris
899 2468 969 2511 mss.
993 2449 1085 2510 sacris
1108 2449 1264 2529 scripturis
1287 2466 1373 2527 prae-

201 2547 278 2608 mitti
311 2547 395 2609 solct.
442 2548 498 2609 Sed
522 2548 595 2608 baec
618 2558 647 2609 et
671 2567 685 2609 a
709 2548 831 2627 prologo
854 2549 966 2626 galeato
990 2549 1117 2609 multum
1148 2548 1246 2610 differt
1274 2564 1372 2628 neque

199 2654 351 2727 tamquam
375 2647 515 2726 prologus
539 2647 677 2707 editionis
700 2665 852 2708 sacrorum
876 2647 1018 2707 librorum
1043 2648 1172 2728 scriptus
1196 2655 1250 2707 est.

286 2745 317 2805 Si
340 2745 405 2824 quis
428 2763 503 2824 quae
526 2746 621 2806 adbuc
643 2746 787 2825 disputavi
807 2746 932 2806 minoris
947 2745 1043 2816 faciat,
1066 2745 1144 2806 aliud
1161 2751 1371 2824 argumentum

202 2853 305 2916 exstat,
339 2862 398 2923 quo
433 2845 519 2905 etiam
556 2844 649 2905 multo
681 2844 862 2923 probabilius
889 2845 922 2904 fit
952 2852 1020 2923 post
1042 2844 1256 2923 Hieronymum
1280 2841 1315 2903 N.
1338 2842 1372 2903 Τ.

200 2942 298 3004 denuo
321 2942 502 3003 recensitum
526 2961 600 3003 esse.
634 2942 830 3021 Hieronymus
853 2943 884 3003 in
907 2942 1126 3003 commentariis
1150 2961 1225 3022 quos
1249 2942 1280 3003 in
1301 2940 1373 3001 Novi

201 3040 281 3102 Test.
305 3039 396 3103 libros
418 3040 536 3122 scripsit
559 3048 672 3102 textum
695 3059 811 3103 sacrum
837 3042 1010 3102 continuum
1036 3041 1165 3102 exbibet.
1198 3041 1294 3114 Quem
1318 3040 1369 3120 qui

202 3157 269 3200 curn
296 3140 413 3219 Vulgata
437 3134 596 3201 contulerit
630 3139 794 3213 mirabitur,
830 3149 978 3220 quantum,
1009 3140 1039 3200 in
1073 3139 1207 3219 epistulis
1242 3138 1372 3200 Paulinis

201 3257 269 3300 cum
294 3258 329 3299 ea
352 3239 507 3319 discrepet.
539 3238 613 3299 Cum
636 3256 705 3299 vero
729 3247 807 3300 certe
831 3247 919 3313 esset,
943 3258 998 3300 cur
1018 3239 1049 3299 in
1066 3238 1289 3300 commentariis
1305 3256 1372 3298 eum

202 3346 324 3409 textum.
349 3338 399 3418 qui
421 3339 551 3417 optimus
567 3356 670 3399 eorum
687 3338 736 3417 qui
754 3338 908 3399 exstabant
923 3338 1081 3411 videretur,
1104 3338 1266 3409 exhiberet,
1289 3336 1374 3397 cuius

202 3438 243 3498 rei
266 3437 383 3515 saepius
407 3437 442 3497 de
465 3436 592 3511 lectione
615 3436 795 3517 disputando
818 3436 970 3499 conscium
993 3456 1025 3498 se
1040 3436 1184 3516 praebuit,
1207 3455 1269 3496 nou
1284 3435 1373 3495 alium

202 3553 291 3615 quam
316 3554 383 3595 cum
407 3554 494 3614 quem
518 3534 581 3614 ipse
604 3544 793 3597 recensuerat
820 3554 887 3595 eum
911 3544 1088 3597 secuturum·
1106 3534 1197 3595 fuisse
1221 3540 1372 3613 exspecta·

204 3634 311 3695 bimus.
357 3634 414 3707 Qui
450 3634 474 3694 si
508 3653 575 3694 cum
599 3635 720 3713 Vulgata
749 3652 854 3715 parum
885 3645 1028 3713 congruat
1051 3633 1268 3713 Hieronymum
1299 3633 1375 3692 banc

203 3732 396 3796 constituisse
421 3733 589 3811 negandum
613 3734 678 3794 erit.

290 3832 327 3893 Ut
349 3840 380 3893 et
402 3831 439 3893 de
461 3820 515 3893 bac
537 3850 570 3893 re
595 3831 698 3893 melius
721 3831 870 3892 iudicetur
897 3838 927 3892 et
949 3830 1089 3910 Vulgatae
1113 3838 1218 3892 natura
1247 3836 1277 3891 ct
1299 3846 1374 3890 con-

204 3931 279 3994 dicio
314 3931 436 4012 propius
470 3939 678 4011 cognoscatur,
708 3931 861 4009 Vulgatam
893 3948 960 3991 cum
983 3930 1069 3991 variis
1096 3929 1274 3991 lectionibus
1303 3927 1373 3989 Hie·

202 4031 318 4111 ronymi
352 4030 534 4111 aliarumque
557 4030 728 4092 versionum
764 4047 951 4109 componam.
997 4030 1039 4089 Ex
1072 4028 1181 4109 quibus
1211 4027 1285 4107 elegi
1308 4045 1373 4087 eam

203 4150 277 4210 quae
300 4139 344 4191 est
366 4130 397 4190 in
421 4130 520 4191 codice
543 4128 781 4201 claromontano,
817 4129 922 4190 deinde
955 4146 1019 4189 eam
1051 4146 1126 4207 quae
1155 4125 1374 4189 commentariis

203 4230 251 4309 qui
267 4229 414 4291 Ambrosii
436 4228 492 4290 sub
516 4227 637 4289 nomine
661 4228 912 4289 circumferuntur
935 4226 1112 4299 continetur,
1137 4236 1200 4287 tum
1218 4243 1282 4285 eam
1299 4242 1374 4303 quae

203 4328 280 4389 inest
302 4327 332 4389 in
356 4328 574 4407 commentariis
600 4327 748 4388 Victorini.

289 4427 351 4500 Qua
376 4427 404 4488 in
428 4446 459 4489 re
474 4445 547 4488 usus
564 4444 630 4487 sum
648 4426 775 4487 editione
791 4424 901 4487 codicis
917 4422 1135 4486 claromontani
1151 4440 1165 4482 a
1182 4421 1211 4482 C.
1229 4420 1374 4482 Tiscben·

203 4525 271 4586 dori
290 4525 407 4605 Lipsiae
435 4525 512 4588 ¹852
536 4535 644 4587 curata.
691 4525 793 4604 Neque
823 4524 909 4586 buius
943 4542 1040 4604 neque
1070 4528 1237 4583 ceterorum
1268 4518 1374 4580 menda

1181 4620 1214 4677 3*
