3300 5109
738 337 786 425 ..¹
831 381 961 444 10-

350 557 425 618 Cum
449 556 506 620 boc
527 557 627 619 codiee
650 557 805 621 Parisinus
829 557 849 619 3
872 557 948 638 (g)¹)
971 564 1002 619 et
1023 557 1149 620 lectione
1177 565 1207 617 et
1230 556 1438 637 capitulatione

264 667 295 719 et
317 656 422 719 ordine
445 656 586 720 librorum
610 667 640 718 et
662 676 803 719 mensura
820 656 1014 720 membranae
1032 675 1155 737 prorsus
1171 657 1319 719 consentit
1341 675 1438 738 neque

265 756 342 818 aliud
378 756 457 817 inter
484 775 535 818 eos
566 756 691 818 interest
721 756 778 819 nisi
808 758 887 838 quod
918 756 1090 836 magnificae
1120 756 1234 817 litterae
1256 755 1385 818 initiales
1407 765 1438 819 et

266 855 411 935 imagines
436 855 526 916 minio
548 854 654 935 pictae,
678 856 785 935 quibus
807 856 856 917 ille
878 863 1003 919 ornatus
1020 864 1074 929 est,
1097 855 1129 916 in
1144 855 1203 916 hoc
1220 854 1438 918 desiderantur.

266 954 340 1016 Cum
370 972 439 1015 vero
462 955 541 1016 unde
575 954 622 1027 sit,
658 955 737 1016 nullo
772 956 861 1016 modo
894 954 1056 1016 indicatum
1085 953 1124 1015 sit
1147 988 1187 997 -
1210 970 1279 1015 narn
1310 954 1438 1034 quaein

267 1052 378 1115 ultimis
411 1052 488 1114 foliis
519 1054 639 1133 originis
670 1052 734 1115 eius
759 1053 878 1132 vestigia
906 1052 1047 1114 videntur
1068 1052 1176 1124 inesse,
1200 1050 1308 1129 quibus
1332 1052 1438 1115 Delisle

265 1151 373 1231 aliquid
398 1152 541 1213 momenti
564 1151 694 1212 tribuere
717 1152 842 1225 videtur,
866 1151 945 1213 nulla
971 1159 1061 1226 sunt3
1083 1158 1164 1213 recte
1187 1150 1266 1212 enim
1293 1150 1370 1212 idem
1393 1151 1438 1213 vir

266 1250 456 1313 doctissimus
489 1258 590 1330 postea
624 1250 672 1311 illa
707 1250 776 1312 lolia
804 1250 896 1312 codici
927 1249 1067 1312 adiuncta
1098 1268 1163 1311 esse
1194 1248 1328 1310 dicit-
1350 1249 1438 1311 etiam
1530 1259 1533 1263 ⁴

266 1350 348 1411 buno
370 1349 500 1411 codicem
523 1349 555 1410 in
578 1368 612 1410 eo
638 1350 830 1423 monasterio,
853 1349 900 1411 cui
923 1348 1066 1411 bladinus
1090 1347 1160 1409 olim
1191 1348 1330 1427 praefuit,
1363 1348 1439 1409 circa

266 1446 397 1509 medium
422 1448 573 1509 saeculum
596 1447 643 1508 lit
670 1447 813 1528 scriptum
838 1466 904 1509 esse
928 1446 1138 1511 declarandum
1160 1454 1213 1508 est.

351 1545 483 1607 Eandem
508 1544 651 1623 originem
675 1564 739 1608 esse
762 1546 852 1607 etiam
875 1545 939 1607 eius
963 1545 1068 1624 quiin
1091 1544 1267 1606 bibliotheca
1299 1543 1440 1606 ecclesiae

266 1644 442 1706 cathedralis
465 1644 494 1705 S.
517 1643 660 1705 lobannis
683 1662 758 1724 quae
774 1652 820 1705 est
834 1644 975 1705 Modoetii
997 1653 1166 1705 asservatur
1188 1642 1297 1704 codicis
1317 1650 1440 1722 putave-

265 1743 321 1804 rim
331 1742 366 1817 ²).
393 1741 467 1803 Nam
491 1749 521 1803 et
542 1759 650 1822 genere
673 1750 703 1803 et
725 1742 819 1803 ferma
845 1742 1011 1804 litterarum
1030 1742 1086 1803 illis
1103 1741 1210 1802 similis
1224 1747 1270 1802 est
1287 1748 1317 1803 et
1332 1758 1440 1803 nomen

271 1840 423 1921 scriptoris
445 1840 476 1902 in
500 1840 643 1912 versibus,
674 1841 726 1920 qui
749 1841 874 1902 suntin
897 1841 966 1913 fine,
991 1840 1188 1919 dmalricusl)
1211 1839 1328 1919 legitur,
1361 1840 1441 1920 quod

267 1957 383 2001 nomen
406 1939 436 2001 in
460 1938 678 2019 subscriptione
700 1931 892 2001 instrumenti
915 1939 1026 2001 laudati
1048 1939 1139 2000 tertio
1162 1940 1226 2001 loco
1251 1945 1355 2001 exstat.

355 2037 489 2101 Parisino
504 2040 518 2099 1
533 2042 628 2099 forma
645 2038 869 2118 magnificarum
884 2038 1047 2100 litterarum
1061 2036 1218 2101 initialium
1232 2045 1321 2117 atque
1332 2054 1440 2116 genere

266 2146 296 2201 et
318 2144 491 2217 argumento
507 2136 690 2217 picturarum
722 2136 890 2198 simillimus
907 2145 952 2198 est
966 2136 1059 2198 codex
1075 2137 1125 2216 qui
1140 2136 1210 2197 inde
1225 2154 1241 2196 a
1256 2135 1440 2217 temporibus

267 2255 362 2318 papae
386 2234 516 2315 Gregorii
533 2234 603 2307 vil.
628 2243 662 2296 ut
684 2235 808 2309 videtur,
831 2235 863 2296 in
885 2234 1068 2297 monasterio
1084 2236 1114 2296 S.
1131 2235 1212 2296 Pauli
1235 2244 1316 2296 extra
1340 2251 1441 2297 muros

267 2336 380 2397 Rornae
395 2334 461 2396 sito
492 2345 658 2397 asservatur
680 2334 736 2413 (d).
774 2335 832 2397 Sed
860 2341 959 2396 textus
985 2333 1093 2396 litteris
1112 2333 1300 2412 Carolingicis
1326 2332 1442 2395 minore

268 2434 365 2496 forma
389 2440 420 2494 et
443 2433 566 2494 clariore
589 2433 687 2494 colore
711 2422 845 2495 exaratus
868 2442 924 2495 est.
963 2432 1113 2495 Praecedit
1135 2432 1166 2492 in
1181 2432 1200 2492 f.
1217 2430 1237 2490 2
1253 2451 1279 2492 v.
1302 2432 1442 2511 prologus

271 2531 407 2595 versibus
430 2530 629 2611 compositus,
664 2531 771 2612 quibus
793 2534 865 2593 item
887 2532 1007 2593 Carolus
1030 2531 1149 2612 quidam
1171 2549 1222 2591 rer
1245 2548 1261 2591 a
1286 2530 1441 2611 scriptore,

272 2631 324 2711 qui
348 2648 460 2692 nomen
484 2649 570 2692 suum
595 2630 785 2710 ingobertum
810 2649 876 2692 esse
898 2630 978 2704 dicit,
1000 2630 1173 2693 celebratur.

358 2728 488 2803 Quintus
511 2728 697 2810 temporibus
719 2729 814 2792 Caroli
836 2730 912 2791 Calvi
936 2729 1130 2809 assignandus
1152 2736 1197 2789 est
1226 2728 1291 2789 cod.
1318 2726 1442 2789 Parisin.

270 2830 289 2889 2
308 2828 353 2908 (b)
369 2835 397 2889 et
413 2829 476 2908 ipse
500 2828 749 2909 splendidissimis
773 2829 869 2890 aureis
884 2828 991 2890 litteris
1006 2827 1166 2890 initialibus
1180 2835 1303 2889 ornatus
1317 2826 1443 2906 diligen-

269 2926 451 3006 tissimaque
473 2927 619 3007 scriptura
642 2936 789 2997 exaratus,
812 2934 913 2989 tamen
937 2945 1044 3006 genere
1068 2938 1097 2988 et
1118 2925 1273 2988 initialium
1295 2934 1326 2987 et
1348 2925 1443 3005 scrip-

267 3034 351 3088 turae
379 3044 394 3085 a
426 3024 563 3087 Parisino
596 3027 611 3085 1
642 3026 824 3106 aliquantum
854 3027 993 3087 diversus.
1039 3024 1133 3087 Huius
1166 3042 1286 3105 quoque
1317 3025 1444 3104 scriptor

268 3124 399 3186 carmine
434 3124 569 3186 Carolum
592 3142 693 3203 regern
716 3124 919 3186 immoderatis
943 3124 1077 3185 laudibus
1100 3124 1195 3185 effert.

356 3222 410 3285 His
435 3223 638 3299 adiungendus
673 3232 719 3285 est
749 3224 841 3284 codex
870 3222 920 3303 qui
943 3222 1055 3284 Romae
1083 3222 1113 3283 in
1146 3221 1323 3283 bibliotheca
1356 3220 1441 3283 Valli-

271 3322 382 3384 cellana
406 3329 572 3384 asservatur
595 3324 727 3402 signatus
749 3322 772 3383 B
790 3323 809 3383 6
827 3322 880 3401 (a).
909 3321 1018 3383 Tribus
1040 3320 1186 3383 columnis
1207 3320 1313 3383 litteris
1335 3319 1443 3383 codicis
1474 3385 1477 3388 χ

269 3420 387 3483 Paulini
411 3420 557 3482 similibus
580 3421 804 3501 diligentissime
827 3429 963 3483 exaratus
987 3428 1047 3495 est3
1069 3420 1254 3482 ornamentis
1276 3430 1365 3481 caret.

358 3521 463 3582 Aetate
496 3520 543 3581 his
570 3521 657 3601 paulo
681 3519 807 3582 inferior
831 3528 875 3581 est
898 3519 1050 3581 Parisinus
1073 3520 1093 3580 4
1116 3518 1158 3597 (e)
1184 3519 1270 3581 cuius
1301 3517 1444 3580 lectiones

269 3710 301 3761 ob
328 3724 429 3761 causam
457 3723 505 3758 non
533 3706 656 3757 traditum
683 3714 771 3773 postca
799 3706 910 3757 carmine
938 3706 964 3755 in
993 3706 1041 3757 doe
1068 3705 1187 3756 additor
1214 3704 1324 3758 Viviano
1351 3704 1442 3756 Carolo
1487 3707 1491 3713 '

269 3792 350 3843 Calvo
370 3791 481 3842 oblatum
500 3804 566 3840 esse.
602 3788 779 3852 Neglaxeront
797 3796 896 3854 autem,
919 3788 983 3854 quod
1008 3788 1034 3838 in
1056 3788 1105 3838 boc
1129 3788 1185 3854 ipso
1206 3787 1316 3838 carmine
1335 3785 1362 3848 (l.
1381 3786 1443 3848 422)

269 3872 378 3924 Carolus
397 3871 544 3935 cognomine
563 3869 646 3921 navia
666 3877 781 3921 ornatur.
808 3869 897 3936 Neque
910 3885 998 3922 verum
1018 3876 1059 3921 est
1076 3870 1142 3935 quod
1154 3869 1196 3920 illi
1208 3867 1337 3919 affirmant
1353 3866 1443 3919 lolium

269 3956 294 4005 in
312 3969 360 4020 quo
383 3953 431 4003 hoc
454 3967 554 4003 carmen
579 3952 701 4018 scriptum
723 3952 759 4002 sit
782 3951 911 4002 diversum
933 3968 948 4001 ι
971 3951 1066 4002 ceteris
1094 3967 1163 4015 esse,
1185 3951 1237 4002 nisi
1255 3951 1320 4016 quod
1338 3950 1443 4001 litterae

268 4050 360 4088 aureae
379 4035 464 4085 nescio
483 4050 531 4100 quo
551 4048 612 4084 casu
630 4033 655 4084 in
674 4034 721 4084 hoc
746 4034 829 4085 minus
852 4033 916 4084 bene
939 4049 1012 4099 quam
1031 4034 1057 4083 in
1075 4034 1170 4084 ceteris
1188 4039 1356 4084 conservatae
1374 4038 1442 4082 sunt.

336 4118 359 4180 ¹)
377 4116 414 4167 Cl.
435 4116 531 4167 Delisle
551 4116 569 4166 l.
589 4116 606 4166 l.
625 4132 648 4182 p.
668 4115 726 4166 250.

339 4198 361 4264 ²)
379 4197 416 4249 Cf.
435 4197 505 4248 Prisi
523 4198 645 4247 memorie
664 4198 778 4261 storiclre
796 4199 822 4248 di
842 4198 932 4248 Mouza
951 4204 970 4246 t.
984 4195 1022 4247 lll.
1037 4212 1061 4262 p.
1074 4195 1116 4248 21.

337 4280 360 4346 ⁸)
377 4278 403 4331 ln
423 4280 511 4330 codice
530 4279 621 4331 lacuna
639 4286 726 4331 exstat
744 4280 813 4330 iuter
832 4280 842 4329 l
859 4286 884 4330 et
902 4294 923 4329 a.
941 4277 1040 4330 Versus
1059 4285 1129 4329 sont:

403 4362 451 4413 bos
468 4360 569 4412 tandem
589 4360 603 4409 d
614 4397 689 4413 .....
700 4378 730 4412 οι
741 4397 819 4413 .....
830 4360 885 4411 ruit
907 4362 1014 4410 dextera
1037 4359 1118 4410 libros

404 4445 509 4507 exiguus
527 4445 580 4509 iip'o
606 4445 711 4495 deuotus
730 4441 840 4493 famulus
857 4444 924 4492 almo

404 4527 487 4577 ornei.
502 4544 575 4578 ...s
594 4541 673 4579 ouans
692 4532 743 4591 atq.
762 4526 804 4576 hic
823 4540 869 4575 sna
887 4524 940 4575 otia
958 4521 1046 4587 fregit.
